Date,Host,Service,@ably_sno,ably_market_sno,consumer_origin,@price_origin,@consumer_price_adjustment.discount_type,@consumer_price_adjustment.discount_rate,@consumer_price_adjustment.discount_price,@consumer_price_adjustment.started_at,@consumer_price_adjustment.ended_at,Message
"2025-01-13T05:18:59.369Z","ip-172-31-202-206.ap-northeast-2.compute.internal-ably-prod","seller-api","27918778","10910","62500","44900",,,,,,"vendor_seller_update_goods"
"2025-01-13T05:18:57.537Z","ip-172-31-247-108.ap-northeast-2.compute.internal-ably-prod","seller-api","27918769","10910","62500","44900",,,,,,"vendor_seller_update_goods"
"2025-01-13T05:18:55.594Z","ip-172-31-236-92.ap-northeast-2.compute.internal-ably-prod","seller-api","27918761","10910","62500","44900",,,,,,"vendor_seller_update_goods"
"2025-01-13T05:18:53.278Z","ip-172-31-231-180.ap-northeast-2.compute.internal-ably-prod","seller-api","27918754","10910","62500","44900",,,,,,"vendor_seller_update_goods"
"2025-01-13T05:18:50.535Z","ip-172-31-247-108.ap-northeast-2.compute.internal-ably-prod","seller-api","27918744","10910","62500","44900",,,,,,"vendor_seller_update_goods"
"2025-01-13T05:18:48.585Z","ip-172-31-255-142.ap-northeast-2.compute.internal-ably-prod","seller-api","27918729","10910","58000","41900",,,,,,"vendor_seller_update_goods"
"2025-01-13T05:18:41.321Z","ip-172-31-253-104.ap-northeast-2.compute.internal-ably-prod","seller-api","27918723","10910","58000","41900",,,,,,"vendor_seller_update_goods"
"2025-01-13T05:18:33.872Z","ip-172-31-235-11.ap-northeast-2.compute.internal-ably-prod","seller-api","27918716","10910","58000","41900",,,,,,"vendor_seller_update_goods"
"2025-01-13T05:18:30.361Z","ip-172-31-202-206.ap-northeast-2.compute.internal-ably-prod","seller-api","17145237","9172",,,,,,,,"update_seller_goods"
"2025-01-13T05:18:21.314Z","ip-172-31-253-104.ap-northeast-2.compute.internal-ably-prod","seller-api","27918672","10910","51000","36900",,,,,,"vendor_seller_update_goods"
"2025-01-13T05:18:14.271Z","ip-172-31-231-180.ap-northeast-2.compute.internal-ably-prod","seller-api","27918664","10910","51000","36900",,,,,,"vendor_seller_update_goods"
"2025-01-13T05:18:13.358Z","ip-172-31-202-206.ap-northeast-2.compute.internal-ably-prod","seller-api","27918636","10910","53000","38900",,,,,,"vendor_seller_update_goods"
"2025-01-13T05:18:11.270Z","ip-172-31-231-180.ap-northeast-2.compute.internal-ably-prod","seller-api","27918623","10910","56000","41900",,,,,,"vendor_seller_update_goods"
"2025-01-13T05:18:09.270Z","ip-172-31-231-180.ap-northeast-2.compute.internal-ably-prod","seller-api","27918615","10910","56000","41900",,,,,,"vendor_seller_update_goods"
"2025-01-13T05:18:06.853Z","ip-172-31-235-11.ap-northeast-2.compute.internal-ably-prod","seller-api","27918604","10910","56000","41900",,,,,,"vendor_seller_update_goods"
"2025-01-13T05:18:03.853Z","ip-172-31-235-11.ap-northeast-2.compute.internal-ably-prod","seller-api","32242059","14557",,,,,,,,"update_seller_goods"
"2025-01-13T05:18:01.188Z","ip-172-31-225-245.ap-northeast-2.compute.internal-ably-prod","seller-api","14374769","10910","59000","42900",,,,,,"vendor_seller_update_goods"
"2025-01-13T05:17:44.171Z","ip-172-31-235-177.ap-northeast-2.compute.internal-ably-prod","seller-api","17145237","9172",,,,,,,,"update_seller_goods"
"2025-01-13T05:17:17.822Z","ip-172-31-235-11.ap-northeast-2.compute.internal-ably-prod","seller-api","17145237","9172",,,,,,,,"update_seller_goods"
"2025-01-13T05:16:58.342Z","ip-172-31-202-206.ap-northeast-2.compute.internal-ably-prod","seller-api","14374824","10910",,,,,,,,"update_seller_goods"
"2025-01-13T05:16:48.539Z","ip-172-31-255-142.ap-northeast-2.compute.internal-ably-prod","seller-api","14374824","10910",,,,,,,,"update_seller_goods"
"2025-01-13T05:16:31.628Z","ip-172-31-201-187.ap-northeast-2.compute.internal-ably-prod","seller-api","21895764","11487",,,,,,,,"update_seller_goods"
"2025-01-13T05:16:20.409Z","ip-172-31-204-62.ap-northeast-2.compute.internal-ably-prod","seller-api","21895764","11487",,,,,,,,"update_seller_goods"
"2025-01-13T05:16:15.545Z","ip-172-31-253-104.ap-northeast-2.compute.internal-ably-prod","seller-api","32242059","14557",,,,,,,,"update_seller_goods"
"2025-01-13T05:16:07.341Z","ip-172-31-225-245.ap-northeast-2.compute.internal-ably-prod","seller-api","14374824","10910",,,,,,,,"update_seller_goods"
"2025-01-13T05:16:05.407Z","ip-172-31-204-62.ap-northeast-2.compute.internal-ably-prod","seller-api","21895764","11487",,,,,,,,"update_seller_goods"
"2025-01-13T05:15:56.997Z","ip-172-31-208-221.ap-northeast-2.compute.internal-ably-prod","seller-api","32242059","14557",,,,,,,,"update_seller_goods"
"2025-01-13T05:15:55.436Z","ip-172-31-208-221.ap-northeast-2.compute.internal-ably-prod","seller-api","17877749","10910","35000","24900",,,,,,"vendor_seller_update_goods"
"2025-01-13T05:15:52.324Z","ip-172-31-198-123.ap-northeast-2.compute.internal-ably-prod","seller-api","21895764","11487",,,,,,,,"update_seller_goods"
"2025-01-13T05:15:47.536Z","ip-172-31-253-104.ap-northeast-2.compute.internal-ably-prod","seller-api","14374824","10910",,,,,,,,"update_seller_goods"
"2025-01-13T05:15:37.276Z","ip-172-31-197-243.ap-northeast-2.compute.internal-ably-prod","seller-api","14374824","10910",,,,,,,,"update_seller_goods"
"2025-01-13T05:14:19.510Z","ip-172-31-253-104.ap-northeast-2.compute.internal-ably-prod","seller-api","2818797","10910","55500","42900",,,,,,"vendor_seller_update_goods"
"2025-01-13T05:13:32.301Z","ip-172-31-198-123.ap-northeast-2.compute.internal-ably-prod","seller-api","21895764","11487",,,,,,,,"update_seller_goods"
"2025-01-13T05:13:02.335Z","ip-172-31-204-62.ap-northeast-2.compute.internal-ably-prod","seller-api","14374858","10910","57000","38900",,,,,,"vendor_seller_update_goods"
"2025-01-13T05:12:52.810Z","ip-172-31-255-142.ap-northeast-2.compute.internal-ably-prod","seller-api","37963100","14557",,,,,,,,"update_seller_goods"
"2025-01-13T05:12:46.111Z","ip-172-31-235-177.ap-northeast-2.compute.internal-ably-prod","seller-api","21895764","11487",,,,,,,,"update_seller_goods"
"2025-01-13T05:12:25.481Z","ip-172-31-253-104.ap-northeast-2.compute.internal-ably-prod","seller-api","32242059","14557",,,,,,,,"update_seller_goods"
"2025-01-13T05:12:25.436Z","ip-172-31-247-108.ap-northeast-2.compute.internal-ably-prod","seller-api","21895764","11487",,,,,,,,"update_seller_goods"
"2025-01-13T05:12:20.528Z","ip-172-31-215-156.ap-northeast-2.compute.internal-ably-prod","seller-api","11102342","10910","49800","36000",,,,,,"vendor_seller_update_goods"
"2025-01-13T05:12:05.432Z","ip-172-31-247-108.ap-northeast-2.compute.internal-ably-prod","seller-api","21895764","11487",,,,,,,,"update_seller_goods"
"2025-01-13T05:11:55.790Z","ip-172-31-255-142.ap-northeast-2.compute.internal-ably-prod","seller-api","32242059","14557",,,,,,,,"update_seller_goods"
"2025-01-13T05:11:36.293Z","ip-172-31-204-62.ap-northeast-2.compute.internal-ably-prod","seller-api","32242059","14557",,,,,,,,"update_seller_goods"
"2025-01-13T05:11:24.041Z","ip-172-31-204-250.ap-northeast-2.compute.internal-ably-prod","seller-api","4741446","10910","58000","41900",,,,,,"vendor_seller_update_goods"
"2025-01-13T05:11:18.402Z","ip-172-31-231-180.ap-northeast-2.compute.internal-ably-prod","seller-api","4741445","10910","58000","41900",,,,,,"vendor_seller_update_goods"
"2025-01-13T05:10:54.282Z","ip-172-31-204-62.ap-northeast-2.compute.internal-ably-prod","seller-api","32242059","14557",,,,,,,,"update_seller_goods"
"2025-01-13T05:10:37.273Z","ip-172-31-198-123.ap-northeast-2.compute.internal-ably-prod","seller-api","3524085","10910","57000","41900",,,,,,"vendor_seller_update_goods"
"2025-01-13T05:10:35.766Z","ip-172-31-255-142.ap-northeast-2.compute.internal-ably-prod","seller-api","2352257","9172",,,,,,,,"update_seller_goods"
"2025-01-13T05:10:29.176Z","ip-172-31-208-221.ap-northeast-2.compute.internal-ably-prod","seller-api","29259093","10910","62000","45900",,,,,,"vendor_seller_update_goods"
"2025-01-13T05:10:25.079Z","ip-172-31-235-177.ap-northeast-2.compute.internal-ably-prod","seller-api","29259095","10910","62000","45900",,,,,,"vendor_seller_update_goods"
"2025-01-13T05:10:21.029Z","ip-172-31-204-250.ap-northeast-2.compute.internal-ably-prod","seller-api","29259097","10910","62000","45900",,,,,,"vendor_seller_update_goods"
"2025-01-13T05:10:15.027Z","ip-172-31-204-250.ap-northeast-2.compute.internal-ably-prod","seller-api","29259100","10910","62000","45900",,,,,,"vendor_seller_update_goods"
"2025-01-13T05:10:10.478Z","ip-172-31-215-156.ap-northeast-2.compute.internal-ably-prod","seller-api","29259103","10910","62000","45900",,,,,,"vendor_seller_update_goods"
"2025-01-13T05:10:06.751Z","ip-172-31-255-142.ap-northeast-2.compute.internal-ably-prod","seller-api","29259106","10910","62000","45900",,,,,,"vendor_seller_update_goods"
"2025-01-13T05:09:38.261Z","ip-172-31-204-62.ap-northeast-2.compute.internal-ably-prod","seller-api","2352257","9172",,,,,,,,"update_seller_goods"
"2025-01-13T05:09:21.066Z","ip-172-31-235-177.ap-northeast-2.compute.internal-ably-prod","seller-api","2352257","9172",,,,,,,,"update_seller_goods"
"2025-01-13T05:09:15.257Z","ip-172-31-198-123.ap-northeast-2.compute.internal-ably-prod","seller-api","2352257","9172",,,,,,,,"update_seller_goods"
"2025-01-13T05:09:09.428Z","ip-172-31-253-104.ap-northeast-2.compute.internal-ably-prod","seller-api","16686110","10910","45000","29800",,,,,,"vendor_seller_update_goods"
"2025-01-13T05:09:07.145Z","ip-172-31-208-221.ap-northeast-2.compute.internal-ably-prod","seller-api","16686084","10910","45000","29800",,,,,,"vendor_seller_update_goods"
"2025-01-13T05:08:55.764Z","ip-172-31-247-108.ap-northeast-2.compute.internal-ably-prod","seller-api","32242059","14557",,,,,,,,"update_seller_goods"
"2025-01-13T05:08:41.762Z","ip-172-31-247-108.ap-northeast-2.compute.internal-ably-prod","seller-api","32242059","14557",,,,,,,,"update_seller_goods"
"2025-01-13T05:08:28.413Z","ip-172-31-197-243.ap-northeast-2.compute.internal-ably-prod","seller-api","16676098","10910","39000","27900",,,,,,"vendor_seller_update_goods"
"2025-01-13T05:08:26.322Z","ip-172-31-235-174.ap-northeast-2.compute.internal-ably-prod","seller-api","16676073","10910","34000","23900",,,,,,"vendor_seller_update_goods"
"2025-01-13T05:08:24.005Z","ip-172-31-204-250.ap-northeast-2.compute.internal-ably-prod","seller-api","16676070","10910","62000","43900",,,,,,"vendor_seller_update_goods"
"2025-01-13T05:08:16.408Z","ip-172-31-253-104.ap-northeast-2.compute.internal-ably-prod","seller-api","16676067","10910","62000","43900",,,,,,"vendor_seller_update_goods"
"2025-01-13T05:08:04.118Z","ip-172-31-208-221.ap-northeast-2.compute.internal-ably-prod","seller-api","16676055","10910","35000","24900",,,,,,"vendor_seller_update_goods"
"2025-01-13T05:07:44.997Z","ip-172-31-204-250.ap-northeast-2.compute.internal-ably-prod","seller-api","3039806","10910","55900","39800",,,,,,"vendor_seller_update_goods"
"2025-01-13T05:07:27.097Z","ip-172-31-208-221.ap-northeast-2.compute.internal-ably-prod","seller-api","32242059","14557",,,,,,,,"update_seller_goods"
"2025-01-13T05:07:24.746Z","ip-172-31-247-108.ap-northeast-2.compute.internal-ably-prod","seller-api","2858327","10910","55800","39800",,,,,,"vendor_seller_update_goods"
"2025-01-13T05:07:23.311Z","ip-172-31-235-174.ap-northeast-2.compute.internal-ably-prod","seller-api","2210253","10910","42800","29800",,,,,,"vendor_seller_update_goods"
"2025-01-13T05:07:22.395Z","ip-172-31-253-104.ap-northeast-2.compute.internal-ably-prod","seller-api","2210252","10910","42800","29800",,,,,,"vendor_seller_update_goods"
"2025-01-13T05:07:21.344Z","ip-172-31-231-180.ap-northeast-2.compute.internal-ably-prod","seller-api","2210246","10910","42800","29800",,,,,,"vendor_seller_update_goods"
"2025-01-13T05:07:20.235Z","ip-172-31-198-123.ap-northeast-2.compute.internal-ably-prod","seller-api","2080045","10910","33900","32200",,,,,,"vendor_seller_update_goods"
"2025-01-13T05:07:16.393Z","ip-172-31-253-104.ap-northeast-2.compute.internal-ably-prod","seller-api","32242059","14557",,,,,,,,"update_seller_goods"
"2025-01-13T05:07:13.392Z","ip-172-31-253-104.ap-northeast-2.compute.internal-ably-prod","seller-api","2080044","10910","33900","32200",,,,,,"vendor_seller_update_goods"
"2025-01-13T05:07:07.390Z","ip-172-31-253-104.ap-northeast-2.compute.internal-ably-prod","seller-api","2047590","10910","28900","21600",,,,,,"vendor_seller_update_goods"
"2025-01-13T05:07:00.650Z","ip-172-31-236-92.ap-northeast-2.compute.internal-ably-prod","seller-api","2047589","10910","28900","21600",,,,,,"vendor_seller_update_goods"
"2025-01-13T05:07:00.391Z","ip-172-31-197-243.ap-northeast-2.compute.internal-ably-prod","seller-api","32242059","14557",,,,,,,,"update_seller_goods"
"2025-01-13T05:06:55.074Z","ip-172-31-208-221.ap-northeast-2.compute.internal-ably-prod","seller-api","2047586","10910","28900","21600",,,,,,"vendor_seller_update_goods"
"2025-01-13T05:06:53.679Z","ip-172-31-255-142.ap-northeast-2.compute.internal-ably-prod","seller-api","2047585","10910","28900","21600",,,,,,"vendor_seller_update_goods"
"2025-01-13T05:06:47.740Z","ip-172-31-247-108.ap-northeast-2.compute.internal-ably-prod","seller-api","2047584","10910","28900","21600",,,,,,"vendor_seller_update_goods"
"2025-01-13T05:06:47.338Z","ip-172-31-231-180.ap-northeast-2.compute.internal-ably-prod","seller-api","2047583","10910","28900","21600",,,,,,"vendor_seller_update_goods"
"2025-01-13T05:06:41.384Z","ip-172-31-197-243.ap-northeast-2.compute.internal-ably-prod","seller-api","1451728","10910","35900","35900",,,,,,"vendor_seller_update_goods"
"2025-01-13T05:06:41.382Z","ip-172-31-253-104.ap-northeast-2.compute.internal-ably-prod","seller-api","1738087","10910","19800","19800",,,,,,"vendor_seller_update_goods"
"2025-01-13T05:06:40.646Z","ip-172-31-236-92.ap-northeast-2.compute.internal-ably-prod","seller-api","21895764","11487",,,,,,,,"update_seller_goods"
"2025-01-13T05:06:38.975Z","ip-172-31-204-250.ap-northeast-2.compute.internal-ably-prod","seller-api","32242059","14557",,,,,,,,"update_seller_goods"
"2025-01-13T05:06:34.974Z","ip-172-31-204-250.ap-northeast-2.compute.internal-ably-prod","seller-api","1426340","10910","45500","32900",,,,,,"vendor_seller_update_goods"
"2025-01-13T05:06:28.645Z","ip-172-31-236-92.ap-northeast-2.compute.internal-ably-prod","seller-api","1426338","10910","80000","63900",,,,,,"vendor_seller_update_goods"
"2025-01-13T05:06:21.668Z","ip-172-31-255-142.ap-northeast-2.compute.internal-ably-prod","seller-api","1426364","10910","55900","39800",,,,,,"vendor_seller_update_goods"
"2025-01-13T05:06:20.377Z","ip-172-31-197-243.ap-northeast-2.compute.internal-ably-prod","seller-api","32242059","14557",,,,,,,,"update_seller_goods"
"2025-01-13T05:06:20.225Z","ip-172-31-225-245.ap-northeast-2.compute.internal-ably-prod","seller-api","1426322","10910","55900","39800",,,,,,"vendor_seller_update_goods"
"2025-01-13T05:06:19.225Z","ip-172-31-198-123.ap-northeast-2.compute.internal-ably-prod","seller-api","1426321","10910","55900","39800",,,,,,"vendor_seller_update_goods"
"2025-01-13T05:06:17.666Z","ip-172-31-255-142.ap-northeast-2.compute.internal-ably-prod","seller-api","1396816","10910","104000","72900",,,,,,"vendor_seller_update_goods"
"2025-01-13T05:06:16.643Z","ip-172-31-236-92.ap-northeast-2.compute.internal-ably-prod","seller-api","2210247","10910","42800","29800",,,,,,"vendor_seller_update_goods"
"2025-01-13T05:06:10.665Z","ip-172-31-255-142.ap-northeast-2.compute.internal-ably-prod","seller-api","2047588","10910","28900","21600",,,,,,"vendor_seller_update_goods"
"2025-01-13T05:06:10.043Z","ip-172-31-208-221.ap-northeast-2.compute.internal-ably-prod","seller-api","32242059","14557",,,,,,,,"update_seller_goods"
"2025-01-13T05:05:57.222Z","ip-172-31-225-245.ap-northeast-2.compute.internal-ably-prod","seller-api","32242059","14557",,,,,,,,"update_seller_goods"
"2025-01-13T05:05:52.639Z","ip-172-31-236-92.ap-northeast-2.compute.internal-ably-prod","seller-api","21895764","11487",,,,,,,,"update_seller_goods"
"2025-01-13T05:05:31.295Z","ip-172-31-235-174.ap-northeast-2.compute.internal-ably-prod","seller-api","21895764","11487",,,,,,,,"update_seller_goods"
"2025-01-13T05:05:04.017Z","ip-172-31-208-221.ap-northeast-2.compute.internal-ably-prod","seller-api","32242059","14557",,,,,,,,"update_seller_goods"
"2025-01-13T05:04:39.351Z","ip-172-31-253-104.ap-northeast-2.compute.internal-ably-prod","seller-api","32242059","14557",,,,,,,,"update_seller_goods"
"2025-01-13T05:04:06.623Z","ip-172-31-236-92.ap-northeast-2.compute.internal-ably-prod","seller-api","32242059","14557",,,,,,,,"update_seller_goods"
"2025-01-13T05:03:52.095Z","ip-172-31-235-177.ap-northeast-2.compute.internal-ably-prod","seller-api","32242059","14557",,,,,,,,"update_seller_goods"
"2025-01-13T05:03:46.714Z","ip-172-31-247-108.ap-northeast-2.compute.internal-ably-prod","seller-api","14954533","10910","59000","42900",,,,,,"vendor_seller_update_goods"
"2025-01-13T05:03:34.200Z","ip-172-31-225-245.ap-northeast-2.compute.internal-ably-prod","seller-api","32242059","14557",,,,,,,,"update_seller_goods"
"2025-01-13T05:03:33.616Z","ip-172-31-236-92.ap-northeast-2.compute.internal-ably-prod","seller-api","14954530","10910","59000","42900",,,,,,"vendor_seller_update_goods"
"2025-01-13T05:03:21.197Z","ip-172-31-225-245.ap-northeast-2.compute.internal-ably-prod","seller-api","14954519","10910","59000","42900",,,,,,"vendor_seller_update_goods"
"2025-01-13T05:03:08.946Z","ip-172-31-208-221.ap-northeast-2.compute.internal-ably-prod","seller-api","14949060","10910","52000","38900",,,,,,"vendor_seller_update_goods"
"2025-01-13T04:57:57.483Z","ip-172-31-231-180.ap-northeast-2.compute.internal-ably-prod","seller-api","14374858","10910","57000","38900",,,,,,"vendor_seller_update_goods"
"2025-01-13T04:57:55.213Z","ip-172-31-215-156.ap-northeast-2.compute.internal-ably-prod","seller-api","14374854","10910","57000","38900",,,,,,"vendor_seller_update_goods"
"2025-01-13T04:57:53.603Z","ip-172-31-253-104.ap-northeast-2.compute.internal-ably-prod","seller-api","14374853","10910","57000","38900",,,,,,"vendor_seller_update_goods"
"2025-01-13T04:57:50.704Z","ip-172-31-225-245.ap-northeast-2.compute.internal-ably-prod","seller-api","14374838","10910","55000","38900",,,,,,"vendor_seller_update_goods"
"2025-01-13T04:57:48.820Z","ip-172-31-198-123.ap-northeast-2.compute.internal-ably-prod","seller-api","14374831","10910","55000","38900",,,,,,"vendor_seller_update_goods"
"2025-01-13T04:57:46.480Z","ip-172-31-231-180.ap-northeast-2.compute.internal-ably-prod","seller-api","14374818","10910","59000","43900",,,,,,"vendor_seller_update_goods"
"2025-01-13T04:57:43.460Z","ip-172-31-215-156.ap-northeast-2.compute.internal-ably-prod","seller-api","14374805","10910","59000","43900",,,,,,"vendor_seller_update_goods"
"2025-01-13T04:57:41.819Z","ip-172-31-198-123.ap-northeast-2.compute.internal-ably-prod","seller-api","14374800","10910","59000","43900",,,,,,"vendor_seller_update_goods"
"2025-01-13T04:57:40.600Z","ip-172-31-253-104.ap-northeast-2.compute.internal-ably-prod","seller-api","14374786","10910","59000","42900",,,,,,"vendor_seller_update_goods"
"2025-01-13T04:57:38.213Z","ip-172-31-235-174.ap-northeast-2.compute.internal-ably-prod","seller-api","14374769","10910","59000","42900",,,,,,"vendor_seller_update_goods"
"2025-01-13T04:53:26.165Z","ip-172-31-235-174.ap-northeast-2.compute.internal-ably-prod","seller-api","13009300","10910","59000","43900",,,,,,"vendor_seller_update_goods"
"2025-01-13T04:53:24.544Z","ip-172-31-253-104.ap-northeast-2.compute.internal-ably-prod","seller-api","6161500","10910","57900","43900",,,,,,"vendor_seller_update_goods"
"2025-01-13T04:53:23.387Z","ip-172-31-253-206.ap-northeast-2.compute.internal-ably-prod","seller-api","13009299","10910","59000","43900",,,,,,"vendor_seller_update_goods"
"2025-01-13T04:53:22.660Z","ip-172-31-225-245.ap-northeast-2.compute.internal-ably-prod","seller-api","6161499","10910","57900","43900",,,,,,"vendor_seller_update_goods"
"2025-01-13T04:53:21.165Z","ip-172-31-235-174.ap-northeast-2.compute.internal-ably-prod","seller-api","13009298","10910","59000","43900",,,,,,"vendor_seller_update_goods"
"2025-01-13T04:53:20.050Z","ip-172-31-215-156.ap-northeast-2.compute.internal-ably-prod","seller-api","13009297","10910","59000","43900",,,,,,"vendor_seller_update_goods"
"2025-01-13T04:53:19.779Z","ip-172-31-198-123.ap-northeast-2.compute.internal-ably-prod","seller-api","6161498","10910","57900","43900",,,,,,"vendor_seller_update_goods"
"2025-01-13T04:52:52.653Z","ip-172-31-225-245.ap-northeast-2.compute.internal-ably-prod","seller-api","6091242","10910","54900","43900",,,,,,"vendor_seller_update_goods"
"2025-01-13T04:52:50.429Z","ip-172-31-231-180.ap-northeast-2.compute.internal-ably-prod","seller-api","6091239","10910","54900","43900",,,,,,"vendor_seller_update_goods"
"2025-01-13T04:52:48.429Z","ip-172-31-231-180.ap-northeast-2.compute.internal-ably-prod","seller-api","6091236","10910","54900","43900",,,,,,"vendor_seller_update_goods"
"2025-01-13T04:52:46.192Z","ip-172-31-204-250.ap-northeast-2.compute.internal-ably-prod","seller-api","6091233","10910","54900","43900",,,,,,"vendor_seller_update_goods"
"2025-01-13T04:52:43.827Z","ip-172-31-197-243.ap-northeast-2.compute.internal-ably-prod","seller-api","6091232","10910","56900","43900",,,,,,"vendor_seller_update_goods"
"2025-01-13T04:52:41.025Z","ip-172-31-215-156.ap-northeast-2.compute.internal-ably-prod","seller-api","6091230","10910","56900","43900",,,,,,"vendor_seller_update_goods"
"2025-01-13T04:52:38.787Z","ip-172-31-255-142.ap-northeast-2.compute.internal-ably-prod","seller-api","6091229","10910","56900","43900",,,,,,"vendor_seller_update_goods"
"2025-01-13T04:52:36.786Z","ip-172-31-255-142.ap-northeast-2.compute.internal-ably-prod","seller-api","6091227","10910","56900","43900",,,,,,"vendor_seller_update_goods"
"2025-01-13T04:52:21.330Z","ip-172-31-220-205.ap-northeast-2.compute.internal-ably-prod","seller-api","1547152","5566",,,,,,,,"update_seller_goods"
"2025-01-13T04:52:19.056Z","ip-172-31-236-92.ap-northeast-2.compute.internal-ably-prod","seller-api","12347348","10910","57900","43900",,,,,,"vendor_seller_update_goods"
"2025-01-13T04:52:16.768Z","ip-172-31-198-123.ap-northeast-2.compute.internal-ably-prod","seller-api","12347346","10910","57900","43900",,,,,,"vendor_seller_update_goods"
"2025-01-13T04:51:53.816Z","ip-172-31-197-243.ap-northeast-2.compute.internal-ably-prod","seller-api","12003317","10910","54000","43900",,,,,,"vendor_seller_update_goods"
"2025-01-13T04:51:51.749Z","ip-172-31-198-123.ap-northeast-2.compute.internal-ably-prod","seller-api","12003308","10910","54000","43900",,,,,,"vendor_seller_update_goods"
"2025-01-13T04:50:51.494Z","ip-172-31-253-104.ap-northeast-2.compute.internal-ably-prod","seller-api","5896749","10910","52000","39800",,,,,,"vendor_seller_update_goods"
"2025-01-13T04:50:48.030Z","ip-172-31-236-92.ap-northeast-2.compute.internal-ably-prod","seller-api","5896748","10910","52000","39800",,,,,,"vendor_seller_update_goods"
"2025-01-13T04:50:45.950Z","ip-172-31-215-156.ap-northeast-2.compute.internal-ably-prod","seller-api","5896747","10910","52000","39800",,,,,,"vendor_seller_update_goods"
"2025-01-13T04:50:43.491Z","ip-172-31-253-104.ap-northeast-2.compute.internal-ably-prod","seller-api","5896746","10910","52000","39800",,,,,,"vendor_seller_update_goods"
"2025-01-13T04:50:42.028Z","ip-172-31-236-92.ap-northeast-2.compute.internal-ably-prod","seller-api","5896744","10910","52000","39800",,,,,,"vendor_seller_update_goods"
"2025-01-13T04:49:50.394Z","ip-172-31-231-180.ap-northeast-2.compute.internal-ably-prod","seller-api","5773737","10910","47900","38900",,,,,,"vendor_seller_update_goods"
"2025-01-13T04:49:48.126Z","ip-172-31-235-174.ap-northeast-2.compute.internal-ably-prod","seller-api","5773736","10910","47900","38900",,,,,,"vendor_seller_update_goods"
"2025-01-13T04:47:38.746Z","ip-172-31-197-243.ap-northeast-2.compute.internal-ably-prod","seller-api","5626471","10910","56000","41900",,,,,,"vendor_seller_update_goods"
"2025-01-13T04:47:36.848Z","ip-172-31-215-156.ap-northeast-2.compute.internal-ably-prod","seller-api","5626469","10910","52000","42900",,,,,,"vendor_seller_update_goods"
"2025-01-13T04:47:34.306Z","ip-172-31-253-206.ap-northeast-2.compute.internal-ably-prod","seller-api","5626467","10910","52000","42900",,,,,,"vendor_seller_update_goods"
"2025-01-13T04:47:31.723Z","ip-172-31-198-123.ap-northeast-2.compute.internal-ably-prod","seller-api","5626466","10910","52000","42900",,,,,,"vendor_seller_update_goods"
"2025-01-13T04:47:12.737Z","ip-172-31-197-243.ap-northeast-2.compute.internal-ably-prod","seller-api","11451035","10910","79000","59800",,,,,,"vendor_seller_update_goods"
"2025-01-13T04:47:10.696Z","ip-172-31-198-123.ap-northeast-2.compute.internal-ably-prod","seller-api","11451024","10910","58000","42900",,,,,,"vendor_seller_update_goods"
"2025-01-13T04:47:08.313Z","ip-172-31-253-206.ap-northeast-2.compute.internal-ably-prod","seller-api","11451022","10910","58000","42900",,,,,,"vendor_seller_update_goods"
"2025-01-13T04:45:07.388Z","ip-172-31-197-121.ap-northeast-2.compute.internal-ably-prod","seller-api","5250169","10910","54000","43900",,,,,,"vendor_seller_update_goods"
"2025-01-13T04:45:04.338Z","ip-172-31-231-180.ap-northeast-2.compute.internal-ably-prod","seller-api","5250153","10910","44500","39800",,,,,,"vendor_seller_update_goods"
"2025-01-13T04:45:02.698Z","ip-172-31-198-123.ap-northeast-2.compute.internal-ably-prod","seller-api","5250151","10910","44500","39800",,,,,,"vendor_seller_update_goods"
"2025-01-13T04:43:53.558Z","ip-172-31-225-245.ap-northeast-2.compute.internal-ably-prod","seller-api","11102342","10910","49800","36000",,,,,,"vendor_seller_update_goods"
"2025-01-13T04:43:51.668Z","ip-172-31-197-121.ap-northeast-2.compute.internal-ably-prod","seller-api","11102341","10910","49800","36000",,,,,,"vendor_seller_update_goods"
"2025-01-13T04:43:48.687Z","ip-172-31-198-123.ap-northeast-2.compute.internal-ably-prod","seller-api","11102336","10910","122000","86900",,,,,,"vendor_seller_update_goods"
"2025-01-13T04:43:46.091Z","ip-172-31-204-250.ap-northeast-2.compute.internal-ably-prod","seller-api","11102334","10910","122000","86900",,,,,,"vendor_seller_update_goods"
"2025-01-13T04:43:42.499Z","ip-172-31-201-79.ap-northeast-2.compute.internal-ably-prod","seller-api","11102332","10910","122000","86900",,,,,,"vendor_seller_update_goods"
"2025-01-13T04:43:40.499Z","ip-172-31-201-79.ap-northeast-2.compute.internal-ably-prod","seller-api","11102327","10910","56000","42900",,,,,,"vendor_seller_update_goods"
"2025-01-13T04:43:33.655Z","ip-172-31-198-123.ap-northeast-2.compute.internal-ably-prod","seller-api","11102325","10910","56000","42900",,,,,,"vendor_seller_update_goods"
"2025-01-13T04:43:30.684Z","ip-172-31-198-123.ap-northeast-2.compute.internal-ably-prod","seller-api","11102324","10910","56000","42900",,,,,,"vendor_seller_update_goods"
"2025-01-13T04:39:11.462Z","ip-172-31-215-156.ap-northeast-2.compute.internal-ably-prod","seller-api","4873300","10910","44500","35900",,,,,,"vendor_seller_update_goods"
"2025-01-13T04:39:09.054Z","ip-172-31-208-221.ap-northeast-2.compute.internal-ably-prod","seller-api","4873299","10910","44500","35900",,,,,,"vendor_seller_update_goods"
"2025-01-13T04:39:06.634Z","ip-172-31-209-114.ap-northeast-2.compute.internal-ably-prod","seller-api","4873298","10910","44500","35900",,,,,,"vendor_seller_update_goods"
"2025-01-13T04:39:04.233Z","ip-172-31-202-206.ap-northeast-2.compute.internal-ably-prod","seller-api","4873297","10910","44500","35900",,,,,,"vendor_seller_update_goods"
"2025-01-13T04:39:01.633Z","ip-172-31-209-114.ap-northeast-2.compute.internal-ably-prod","seller-api","4873295","10910","44500","35900",,,,,,"vendor_seller_update_goods"
"2025-01-13T04:35:55.555Z","ip-172-31-209-114.ap-northeast-2.compute.internal-ably-prod","seller-api","10522327","10910","64000","51900",,,,,,"vendor_seller_update_goods"
"2025-01-13T04:35:53.554Z","ip-172-31-209-114.ap-northeast-2.compute.internal-ably-prod","seller-api","10522326","10910","64000","51900",,,,,,"vendor_seller_update_goods"
"2025-01-13T04:35:51.896Z","ip-172-31-197-121.ap-northeast-2.compute.internal-ably-prod","seller-api","10522324","10910","64000","51900",,,,,,"vendor_seller_update_goods"
"2025-01-13T04:35:49.613Z","ip-172-31-253-104.ap-northeast-2.compute.internal-ably-prod","seller-api","10522310","10910","57000","39800",,,,,,"vendor_seller_update_goods"
"2025-01-13T04:35:47.938Z","ip-172-31-208-221.ap-northeast-2.compute.internal-ably-prod","seller-api","10522306","10910","57000","39800",,,,,,"vendor_seller_update_goods"
"2025-01-13T04:34:20.584Z","ip-172-31-201-79.ap-northeast-2.compute.internal-ably-prod","seller-api","4741450","10910","58000","41900",,,,,,"vendor_seller_update_goods"
"2025-01-13T04:34:12.210Z","ip-172-31-212-213.ap-northeast-2.compute.internal-ably-prod","seller-api","4741449","10910","58000","41900",,,,,,"vendor_seller_update_goods"
"2025-01-13T04:34:09.796Z","ip-172-31-198-8.ap-northeast-2.compute.internal-ably-prod","seller-api","4741448","10910","58000","41900",,,,,,"vendor_seller_update_goods"
"2025-01-13T04:34:08.876Z","ip-172-31-197-121.ap-northeast-2.compute.internal-ably-prod","seller-api","4741446","10910","58000","41900",,,,,,"vendor_seller_update_goods"
"2025-01-13T04:34:07.582Z","ip-172-31-215-156.ap-northeast-2.compute.internal-ably-prod","seller-api","4741445","10910","58000","41900",,,,,,"vendor_seller_update_goods"
"2025-01-13T04:30:32.335Z","ip-172-31-202-206.ap-northeast-2.compute.internal-ably-prod","seller-api","4683546","10910","56000","43900",,,,,,"vendor_seller_update_goods"
"2025-01-13T04:30:29.645Z","ip-172-31-253-86.ap-northeast-2.compute.internal-ably-prod","seller-api","4683542","10910","56000","43900",,,,,,"vendor_seller_update_goods"
"2025-01-13T04:30:26.826Z","ip-172-31-197-121.ap-northeast-2.compute.internal-ably-prod","seller-api","4683540","10910","56000","43900",,,,,,"vendor_seller_update_goods"
"2025-01-13T04:30:19.635Z","ip-172-31-236-92.ap-northeast-2.compute.internal-ably-prod","seller-api","4683537","10910","56000","43900",,,,,,"vendor_seller_update_goods"
"2025-01-13T04:30:17.333Z","ip-172-31-202-206.ap-northeast-2.compute.internal-ably-prod","seller-api","4683530","10910","42500","36000",,,,,,"vendor_seller_update_goods"
"2025-01-13T04:30:14.642Z","ip-172-31-253-86.ap-northeast-2.compute.internal-ably-prod","seller-api","4683526","10910","42500","36000",,,,,,"vendor_seller_update_goods"
"2025-01-13T04:30:07.507Z","ip-172-31-253-86.ap-northeast-2.compute.internal-ably-prod","seller-api","4683524","10910","42500","36000",,,,,,"vendor_seller_update_goods"
"2025-01-13T04:29:58.750Z","ip-172-31-198-8.ap-northeast-2.compute.internal-ably-prod","seller-api","4683523","10910","42500","36000",,,,,,"vendor_seller_update_goods"
"2025-01-13T04:29:56.493Z","ip-172-31-201-79.ap-northeast-2.compute.internal-ably-prod","seller-api","4683517","10910","54000","42900",,,,,,"vendor_seller_update_goods"
"2025-01-13T04:29:53.591Z","ip-172-31-225-245.ap-northeast-2.compute.internal-ably-prod","seller-api","4683514","10910","54000","42900",,,,,,"vendor_seller_update_goods"
"2025-01-13T04:29:50.820Z","ip-172-31-197-121.ap-northeast-2.compute.internal-ably-prod","seller-api","4683512","10910","54000","42900",,,,,,"vendor_seller_update_goods"
"2025-01-13T04:29:48.748Z","ip-172-31-198-8.ap-northeast-2.compute.internal-ably-prod","seller-api","4683509","10910","54000","42900",,,,,,"vendor_seller_update_goods"
"2025-01-13T04:29:45.630Z","ip-172-31-236-92.ap-northeast-2.compute.internal-ably-prod","seller-api","4683507","10910","54000","42900",,,,,,"vendor_seller_update_goods"
"2025-01-13T04:29:42.819Z","ip-172-31-197-121.ap-northeast-2.compute.internal-ably-prod","seller-api","4683505","10910","54000","43900",,,,,,"vendor_seller_update_goods"
"2025-01-13T04:29:40.487Z","ip-172-31-201-79.ap-northeast-2.compute.internal-ably-prod","seller-api","4683502","10910","54000","43900",,,,,,"vendor_seller_update_goods"
"2025-01-13T04:29:37.859Z","ip-172-31-209-114.ap-northeast-2.compute.internal-ably-prod","seller-api","4683500","10910","54000","43900",,,,,,"vendor_seller_update_goods"
"2025-01-13T04:26:22.417Z","ip-172-31-201-79.ap-northeast-2.compute.internal-ably-prod","seller-api","4602560","10910","58000","45900",,,,,,"vendor_seller_update_goods"
"2025-01-13T04:26:19.596Z","ip-172-31-245-233.ap-northeast-2.compute.internal-ably-prod","seller-api","4602559","10910","58000","45900",,,,,,"vendor_seller_update_goods"
"2025-01-13T04:26:17.771Z","ip-172-31-209-114.ap-northeast-2.compute.internal-ably-prod","seller-api","4602558","10910","48000","36900",,,,,,"vendor_seller_update_goods"
"2025-01-13T04:26:13.702Z","ip-172-31-198-8.ap-northeast-2.compute.internal-ably-prod","seller-api","4602556","10910","48000","36900",,,,,,"vendor_seller_update_goods"
"2025-01-13T04:26:11.769Z","ip-172-31-209-114.ap-northeast-2.compute.internal-ably-prod","seller-api","4602553","10910","48000","36900",,,,,,"vendor_seller_update_goods"
"2025-01-13T04:26:09.499Z","ip-172-31-215-156.ap-northeast-2.compute.internal-ably-prod","seller-api","4602552","10910","48000","36900",,,,,,"vendor_seller_update_goods"
"2025-01-13T04:26:06.610Z","ip-172-31-197-121.ap-northeast-2.compute.internal-ably-prod","seller-api","4602550","10910","48000","36900",,,,,,"vendor_seller_update_goods"
"2025-01-13T04:25:58.609Z","ip-172-31-197-121.ap-northeast-2.compute.internal-ably-prod","seller-api","4602547","10910","43500","36900",,,,,,"vendor_seller_update_goods"
"2025-01-13T04:25:47.054Z","ip-172-31-211-217.ap-northeast-2.compute.internal-ably-prod","seller-api","4602544","10910","43500","36900",,,,,,"vendor_seller_update_goods"
"2025-01-13T04:25:43.583Z","ip-172-31-236-92.ap-northeast-2.compute.internal-ably-prod","seller-api","4602539","10910","43500","36900",,,,,,"vendor_seller_update_goods"
"2025-01-13T04:25:41.697Z","ip-172-31-198-8.ap-northeast-2.compute.internal-ably-prod","seller-api","4602538","10910","48000","35900",,,,,,"vendor_seller_update_goods"
"2025-01-13T04:25:39.605Z","ip-172-31-197-121.ap-northeast-2.compute.internal-ably-prod","seller-api","4602537","10910","48000","35900",,,,,,"vendor_seller_update_goods"
"2025-01-13T04:25:31.050Z","ip-172-31-211-217.ap-northeast-2.compute.internal-ably-prod","seller-api","4602536","10910","48000","35900",,,,,,"vendor_seller_update_goods"
"2025-01-13T04:25:29.492Z","ip-172-31-215-156.ap-northeast-2.compute.internal-ably-prod","seller-api","4602535","10910","48000","35900",,,,,,"vendor_seller_update_goods"
"2025-01-13T04:25:26.457Z","ip-172-31-253-86.ap-northeast-2.compute.internal-ably-prod","seller-api","4602534","10910","48000","35900",,,,,,"vendor_seller_update_goods"
"2025-01-13T04:23:17.800Z","ip-172-31-245-233.ap-northeast-2.compute.internal-ably-prod","seller-api","6091237","10910","54900","43900",,,,,,"vendor_seller_update_goods"
"2025-01-13T04:23:05.354Z","ip-172-31-201-79.ap-northeast-2.compute.internal-ably-prod","seller-api","4683528","10910","42500","36000",,,,,,"vendor_seller_update_goods"
"2025-01-13T04:22:38.345Z","ip-172-31-201-79.ap-northeast-2.compute.internal-ably-prod","seller-api","4602546","10910","43500","36900",,,,,,"vendor_seller_update_goods"
"2025-01-13T04:09:32.755Z","ip-172-31-215-156.ap-northeast-2.compute.internal-ably-prod","seller-api","3524085","10910","57000","41900",,,,,,"vendor_seller_update_goods"
"2025-01-13T04:08:49.581Z","ip-172-31-245-233.ap-northeast-2.compute.internal-ably-prod","seller-api","3991732","10910","40500","28300",,,,,,"vendor_seller_update_goods"
"2025-01-13T04:08:42.580Z","ip-172-31-245-233.ap-northeast-2.compute.internal-ably-prod","seller-api","3991731","10910","40500","28300",,,,,,"vendor_seller_update_goods"
"2025-01-13T04:07:17.711Z","ip-172-31-203-1.ap-northeast-2.compute.internal-ably-prod","seller-api","3039806","10910","55900","39800",,,,,,"vendor_seller_update_goods"
"2025-01-13T04:07:14.828Z","ip-172-31-243-249.ap-northeast-2.compute.internal-ably-prod","seller-api","2858327","10910","55800","39800",,,,,,"vendor_seller_update_goods"
"2025-01-13T04:07:14.079Z","ip-172-31-233-207.ap-northeast-2.compute.internal-ably-prod","seller-api","2210253","10910","42800","29800",,,,,,"vendor_seller_update_goods"
"2025-01-13T04:07:12.827Z","ip-172-31-243-249.ap-northeast-2.compute.internal-ably-prod","seller-api","2210252","10910","42800","29800",,,,,,"vendor_seller_update_goods"
"2025-01-13T04:07:06.909Z","ip-172-31-198-8.ap-northeast-2.compute.internal-ably-prod","seller-api","2210246","10910","42800","29800",,,,,,"vendor_seller_update_goods"
"2025-01-13T04:07:00.574Z","ip-172-31-236-92.ap-northeast-2.compute.internal-ably-prod","seller-api","2080045","10910","33900","32200",,,,,,"vendor_seller_update_goods"
"2025-01-13T04:07:00.077Z","ip-172-31-233-207.ap-northeast-2.compute.internal-ably-prod","seller-api","2080044","10910","33900","32200",,,,,,"vendor_seller_update_goods"
"2025-01-13T04:06:54.572Z","ip-172-31-236-92.ap-northeast-2.compute.internal-ably-prod","seller-api","2047590","10910","28900","21600",,,,,,"vendor_seller_update_goods"
"2025-01-13T04:06:53.713Z","ip-172-31-215-156.ap-northeast-2.compute.internal-ably-prod","seller-api","2047589","10910","28900","21600",,,,,,"vendor_seller_update_goods"
"2025-01-13T04:06:52.707Z","ip-172-31-203-1.ap-northeast-2.compute.internal-ably-prod","seller-api","2047586","10910","28900","21600",,,,,,"vendor_seller_update_goods"
"2025-01-13T04:06:52.437Z","ip-172-31-253-86.ap-northeast-2.compute.internal-ably-prod","seller-api","2047585","10910","28900","21600",,,,,,"vendor_seller_update_goods"
"2025-01-13T04:06:51.572Z","ip-172-31-236-92.ap-northeast-2.compute.internal-ably-prod","seller-api","2047584","10910","28900","21600",,,,,,"vendor_seller_update_goods"
"2025-01-13T04:06:45.306Z","ip-172-31-214-143.ap-northeast-2.compute.internal-ably-prod","seller-api","2047583","10910","28900","21600",,,,,,"vendor_seller_update_goods"
"2025-01-13T04:06:44.706Z","ip-172-31-203-1.ap-northeast-2.compute.internal-ably-prod","seller-api","1738087","10910","19800","19800",,,,,,"vendor_seller_update_goods"
"2025-01-13T04:06:38.902Z","ip-172-31-198-8.ap-northeast-2.compute.internal-ably-prod","seller-api","1451728","10910","35900","35900",,,,,,"vendor_seller_update_goods"
"2025-01-13T04:06:28.665Z","ip-172-31-209-114.ap-northeast-2.compute.internal-ably-prod","seller-api","1426340","10910","45500","32900",,,,,,"vendor_seller_update_goods"
"2025-01-13T04:06:26.707Z","ip-172-31-215-156.ap-northeast-2.compute.internal-ably-prod","seller-api","1426338","10910","80000","63900",,,,,,"vendor_seller_update_goods"
"2025-01-13T04:06:20.716Z","ip-172-31-225-245.ap-northeast-2.compute.internal-ably-prod","seller-api","1426364","10910","55900","39800",,,,,,"vendor_seller_update_goods"
"2025-01-13T04:06:18.803Z","ip-172-31-197-121.ap-northeast-2.compute.internal-ably-prod","seller-api","1426322","10910","55900","39800",,,,,,"vendor_seller_update_goods"
"2025-01-13T04:06:18.069Z","ip-172-31-233-207.ap-northeast-2.compute.internal-ably-prod","seller-api","1426321","10910","55900","39800",,,,,,"vendor_seller_update_goods"
"2025-01-13T04:06:16.806Z","ip-172-31-243-249.ap-northeast-2.compute.internal-ably-prod","seller-api","1396816","10910","104000","72900",,,,,,"vendor_seller_update_goods"
"2025-01-13T04:06:15.715Z","ip-172-31-225-245.ap-northeast-2.compute.internal-ably-prod","seller-api","2210247","10910","42800","29800",,,,,,"vendor_seller_update_goods"
"2025-01-13T04:06:14.806Z","ip-172-31-243-249.ap-northeast-2.compute.internal-ably-prod","seller-api","2047588","10910","28900","21600",,,,,,"vendor_seller_update_goods"
"2025-01-13T03:58:46.178Z","ip-172-31-202-206.ap-northeast-2.compute.internal-ably-prod","seller-api","3657770","10910","57000","39800",,,,,,"vendor_seller_update_goods"
"2025-01-13T03:57:29.893Z","ip-172-31-245-233.ap-northeast-2.compute.internal-ably-prod","seller-api","3552354","10910","57000","41900",,,,,,"vendor_seller_update_goods"
"2025-01-13T03:57:28.164Z","ip-172-31-202-206.ap-northeast-2.compute.internal-ably-prod","seller-api","3552351","10910","57000","41900",,,,,,"vendor_seller_update_goods"
"2025-01-13T03:57:25.677Z","ip-172-31-203-1.ap-northeast-2.compute.internal-ably-prod","seller-api","3552350","10910","57000","41900",,,,,,"vendor_seller_update_goods"
"2025-01-13T03:57:22.954Z","ip-172-31-214-143.ap-northeast-2.compute.internal-ably-prod","seller-api","3552349","10910","57000","41900",,,,,,"vendor_seller_update_goods"
"2025-01-13T03:56:54.996Z","ip-172-31-209-114.ap-northeast-2.compute.internal-ably-prod","seller-api","3524088","10910","57000","41900",,,,,,"vendor_seller_update_goods"
"2025-01-13T03:56:52.923Z","ip-172-31-214-143.ap-northeast-2.compute.internal-ably-prod","seller-api","3524086","10910","57000","41900",,,,,,"vendor_seller_update_goods"
"2025-01-13T03:56:51.159Z","ip-172-31-202-206.ap-northeast-2.compute.internal-ably-prod","seller-api","3524085","10910","57000","41900",,,,,,"vendor_seller_update_goods"
"2025-01-13T03:56:49.677Z","ip-172-31-236-92.ap-northeast-2.compute.internal-ably-prod","seller-api","3524084","10910","57000","41900",,,,,,"vendor_seller_update_goods"
"2025-01-13T03:52:06.716Z","ip-172-31-211-217.ap-northeast-2.compute.internal-ably-prod","seller-api","3039806","10910","55900","39800",,,,,,"vendor_seller_update_goods"
"2025-01-13T03:52:04.624Z","ip-172-31-236-92.ap-northeast-2.compute.internal-ably-prod","seller-api","3039805","10910","55900","39800",,,,,,"vendor_seller_update_goods"
"2025-01-13T03:52:00.714Z","ip-172-31-211-217.ap-northeast-2.compute.internal-ably-prod","seller-api","3039804","10910","55900","39800",,,,,,"vendor_seller_update_goods"
"2025-01-13T03:51:58.864Z","ip-172-31-209-114.ap-northeast-2.compute.internal-ably-prod","seller-api","3039803","10910","62000","47900",,,,,,"vendor_seller_update_goods"
"2025-01-13T03:51:56.463Z","ip-172-31-253-86.ap-northeast-2.compute.internal-ably-prod","seller-api","3039800","10910","62000","47900",,,,,,"vendor_seller_update_goods"
"2025-01-13T03:51:53.463Z","ip-172-31-253-86.ap-northeast-2.compute.internal-ably-prod","seller-api","3039798","10910","62000","47900",,,,,,"vendor_seller_update_goods"
"2025-01-13T03:51:50.861Z","ip-172-31-209-114.ap-northeast-2.compute.internal-ably-prod","seller-api","3039794","10910","62000","47900",,,,,,"vendor_seller_update_goods"
"2025-01-13T03:51:48.859Z","ip-172-31-209-114.ap-northeast-2.compute.internal-ably-prod","seller-api","3039791","10910","62000","47900",,,,,,"vendor_seller_update_goods"
"2025-01-13T03:51:46.619Z","ip-172-31-215-156.ap-northeast-2.compute.internal-ably-prod","seller-api","3039790","10910","62000","47900",,,,,,"vendor_seller_update_goods"
"2025-01-13T03:51:44.561Z","ip-172-31-225-245.ap-northeast-2.compute.internal-ably-prod","seller-api","3039789","10910","62000","47900",,,,,,"vendor_seller_update_goods"
"2025-01-13T03:51:41.709Z","ip-172-31-211-217.ap-northeast-2.compute.internal-ably-prod","seller-api","3039775","10910","45500","31900",,,,,,"vendor_seller_update_goods"
"2025-01-13T03:51:04.454Z","ip-172-31-253-86.ap-northeast-2.compute.internal-ably-prod","seller-api","5331387","6033",,,,,,,,"update_seller_goods"
"2025-01-13T03:50:09.796Z","ip-172-31-245-233.ap-northeast-2.compute.internal-ably-prod","seller-api","5331387","6033",,,,,,,,"update_seller_goods"
"2025-01-13T03:49:49.604Z","ip-172-31-215-156.ap-northeast-2.compute.internal-ably-prod","seller-api","2901672","10910","55800","39800",,,,,,"vendor_seller_update_goods"
"2025-01-13T03:49:39.579Z","ip-172-31-214-143.ap-northeast-2.compute.internal-ably-prod","seller-api","1396797","10910","53000","38900",,,,,,"vendor_seller_update_goods"
"2025-01-13T03:49:02.457Z","ip-172-31-202-206.ap-northeast-2.compute.internal-ably-prod","seller-api","2975444","10910","48900","34100",,,,,,"vendor_seller_update_goods"
"2025-01-13T03:48:58.434Z","ip-172-31-253-86.ap-northeast-2.compute.internal-ably-prod","seller-api","2975442","10910","48900","34100",,,,,,"vendor_seller_update_goods"
"2025-01-13T03:48:54.851Z","ip-172-31-197-121.ap-northeast-2.compute.internal-ably-prod","seller-api","2975441","10910","48900","34100",,,,,,"vendor_seller_update_goods"
"2025-01-13T03:48:51.849Z","ip-172-31-198-8.ap-northeast-2.compute.internal-ably-prod","seller-api","2975438","10910","48900","34100",,,,,,"vendor_seller_update_goods"
"2025-01-13T03:48:49.433Z","ip-172-31-253-86.ap-northeast-2.compute.internal-ably-prod","seller-api","2975435","10910","61000","44900",,,,,,"vendor_seller_update_goods"
"2025-01-13T03:48:46.593Z","ip-172-31-215-156.ap-northeast-2.compute.internal-ably-prod","seller-api","2975430","10910","61000","44900",,,,,,"vendor_seller_update_goods"
"2025-01-13T03:48:44.432Z","ip-172-31-253-86.ap-northeast-2.compute.internal-ably-prod","seller-api","2975427","10910","55900","39800",,,,,,"vendor_seller_update_goods"
"2025-01-13T03:47:00.643Z","ip-172-31-253-86.ap-northeast-2.compute.internal-ably-prod","seller-api","34680616","6033",,,,,,,,"update_seller_goods"
"2025-01-13T03:46:13.935Z","ip-172-31-243-249.ap-northeast-2.compute.internal-ably-prod","seller-api","2943461","10910","55900","38900",,,,,,"vendor_seller_update_goods"
"2025-01-13T03:46:11.935Z","ip-172-31-243-249.ap-northeast-2.compute.internal-ably-prod","seller-api","2943460","10910","55900","38900",,,,,,"vendor_seller_update_goods"
"2025-01-13T03:46:09.813Z","ip-172-31-198-8.ap-northeast-2.compute.internal-ably-prod","seller-api","2943459","10910","55900","38900",,,,,,"vendor_seller_update_goods"
"2025-01-13T03:46:09.568Z","ip-172-31-215-156.ap-northeast-2.compute.internal-ably-prod","seller-api","3111863","6033",,,,,,,,"update_seller_goods"
"2025-01-13T03:46:06.856Z","ip-172-31-211-217.ap-northeast-2.compute.internal-ably-prod","seller-api","2943456","10910","55900","38900",,,,,,"vendor_seller_update_goods"
"2025-01-13T03:43:52.788Z","ip-172-31-198-8.ap-northeast-2.compute.internal-ably-prod","seller-api","2901672","10910","55800","39800",,,,,,"vendor_seller_update_goods"
"2025-01-13T03:42:38.515Z","ip-172-31-236-92.ap-northeast-2.compute.internal-ably-prod","seller-api","2858327","10910","55800","39800",,,,,,"vendor_seller_update_goods"
"2025-01-13T03:42:35.771Z","ip-172-31-198-8.ap-northeast-2.compute.internal-ably-prod","seller-api","2858326","10910","55800","39800",,,,,,"vendor_seller_update_goods"
"2025-01-13T03:42:33.522Z","ip-172-31-215-156.ap-northeast-2.compute.internal-ably-prod","seller-api","2858303","10910","41000","29800",,,,,,"vendor_seller_update_goods"
"2025-01-13T03:42:30.771Z","ip-172-31-198-8.ap-northeast-2.compute.internal-ably-prod","seller-api","2858301","10910","41000","29800",,,,,,"vendor_seller_update_goods"
"2025-01-13T03:42:07.519Z","ip-172-31-215-156.ap-northeast-2.compute.internal-ably-prod","seller-api","2858298","10910","41000","29800",,,,,,"vendor_seller_update_goods"
"2025-01-13T03:42:05.590Z","ip-172-31-253-86.ap-northeast-2.compute.internal-ably-prod","seller-api","2858297","10910","41000","29800",,,,,,"vendor_seller_update_goods"
"2025-01-13T03:42:02.519Z","ip-172-31-215-156.ap-northeast-2.compute.internal-ably-prod","seller-api","2858295","10910","41000","29800",,,,,,"vendor_seller_update_goods"
"2025-01-13T03:42:00.768Z","ip-172-31-198-8.ap-northeast-2.compute.internal-ably-prod","seller-api","2858292","10910","41000","29800",,,,,,"vendor_seller_update_goods"
"2025-01-13T03:40:55.238Z","ip-172-31-214-143.ap-northeast-2.compute.internal-ably-prod","seller-api","2818813","10910","54000","37800",,,,,,"vendor_seller_update_goods"
"2025-01-13T03:40:53.502Z","ip-172-31-236-92.ap-northeast-2.compute.internal-ably-prod","seller-api","2818812","10910","54000","37800",,,,,,"vendor_seller_update_goods"
"2025-01-13T03:40:51.548Z","ip-172-31-209-114.ap-northeast-2.compute.internal-ably-prod","seller-api","2818810","10910","54000","37800",,,,,,"vendor_seller_update_goods"
"2025-01-13T03:40:48.969Z","ip-172-31-245-233.ap-northeast-2.compute.internal-ably-prod","seller-api","2818807","10910","54000","37800",,,,,,"vendor_seller_update_goods"
"2025-01-13T03:40:46.965Z","ip-172-31-245-233.ap-northeast-2.compute.internal-ably-prod","seller-api","2818805","10910","48500","33900",,,,,,"vendor_seller_update_goods"
"2025-01-13T03:40:44.511Z","ip-172-31-215-156.ap-northeast-2.compute.internal-ably-prod","seller-api","2818804","10910","48500","33900",,,,,,"vendor_seller_update_goods"
"2025-01-13T03:40:41.849Z","ip-172-31-198-8.ap-northeast-2.compute.internal-ably-prod","seller-api","2818803","10910","48500","33900",,,,,,"vendor_seller_update_goods"
"2025-01-13T03:40:38.968Z","ip-172-31-245-233.ap-northeast-2.compute.internal-ably-prod","seller-api","2818802","10910","48500","33900",,,,,,"vendor_seller_update_goods"
"2025-01-13T03:39:59.210Z","ip-172-31-214-143.ap-northeast-2.compute.internal-ably-prod","seller-api","37963727","6033",,,,,,,,"update_seller_goods"
"2025-01-13T03:33:08.501Z","ip-172-31-253-86.ap-northeast-2.compute.internal-ably-prod","seller-api","37963721","6033",,,,,,,,"update_seller_goods"
"2025-01-13T03:30:53.985Z","ip-172-31-225-245.ap-northeast-2.compute.internal-ably-prod","seller-api","5779001","14175",,,,,,,,"update_seller_goods"
"2025-01-13T03:30:11.977Z","ip-172-31-225-245.ap-northeast-2.compute.internal-ably-prod","seller-api","2528168","7267",,,,,,,,"update_seller_goods"
"2025-01-13T03:29:07.649Z","ip-172-31-236-92.ap-northeast-2.compute.internal-ably-prod","seller-api","34130011","7267",,,,,,,,"update_seller_goods"
"2025-01-13T03:29:04.970Z","ip-172-31-225-245.ap-northeast-2.compute.internal-ably-prod","seller-api","5779001","14175",,,,,,,,"update_seller_goods"
"2025-01-13T03:28:23.473Z","ip-172-31-203-42.ap-northeast-2.compute.internal-ably-prod","seller-api","2210253","10910","42800","29800",,,,,,"vendor_seller_update_goods"
"2025-01-13T03:28:21.869Z","ip-172-31-215-156.ap-northeast-2.compute.internal-ably-prod","seller-api","2210252","10910","42800","29800",,,,,,"vendor_seller_update_goods"
"2025-01-13T03:28:20.114Z","ip-172-31-197-121.ap-northeast-2.compute.internal-ably-prod","seller-api","2210250","10910","42800","29800",,,,,,"vendor_seller_update_goods"
"2025-01-13T03:28:19.137Z","ip-172-31-211-217.ap-northeast-2.compute.internal-ably-prod","seller-api","2210246","10910","42800","29800",,,,,,"vendor_seller_update_goods"
"2025-01-13T03:28:04.962Z","ip-172-31-225-245.ap-northeast-2.compute.internal-ably-prod","seller-api","32357632","7267",,,,,,,,"update_seller_goods"
"2025-01-13T03:25:17.096Z","ip-172-31-211-217.ap-northeast-2.compute.internal-ably-prod","seller-api","2080049","10910","33900","32200",,,,,,"vendor_seller_update_goods"
"2025-01-13T03:25:15.125Z","ip-172-31-198-8.ap-northeast-2.compute.internal-ably-prod","seller-api","2080048","10910","33900","32200",,,,,,"vendor_seller_update_goods"
"2025-01-13T03:25:13.940Z","ip-172-31-225-245.ap-northeast-2.compute.internal-ably-prod","seller-api","2080045","10910","33900","32200",,,,,,"vendor_seller_update_goods"
"2025-01-13T03:25:13.095Z","ip-172-31-211-217.ap-northeast-2.compute.internal-ably-prod","seller-api","12179638","6033",,,,,,,,"update_seller_goods"
"2025-01-13T03:25:12.427Z","ip-172-31-203-42.ap-northeast-2.compute.internal-ably-prod","seller-api","2080044","10910","33900","32200",,,,,,"vendor_seller_update_goods"
"2025-01-13T03:24:47.576Z","ip-172-31-236-92.ap-northeast-2.compute.internal-ably-prod","seller-api","37963714","6033",,,,,,,,"update_seller_goods"
"2025-01-13T03:23:36.764Z","ip-172-31-253-86.ap-northeast-2.compute.internal-ably-prod","seller-api","12349482","14175",,,,,,,,"update_seller_goods"
"2025-01-13T03:23:04.923Z","ip-172-31-225-245.ap-northeast-2.compute.internal-ably-prod","seller-api","2047590","10910","28900","21600",,,,,,"vendor_seller_update_goods"
"2025-01-13T03:23:03.818Z","ip-172-31-215-156.ap-northeast-2.compute.internal-ably-prod","seller-api","2047589","10910","28900","21600",,,,,,"vendor_seller_update_goods"
"2025-01-13T03:23:02.818Z","ip-172-31-215-156.ap-northeast-2.compute.internal-ably-prod","seller-api","2047586","10910","28900","21600",,,,,,"vendor_seller_update_goods"
"2025-01-13T03:23:01.027Z","ip-172-31-197-121.ap-northeast-2.compute.internal-ably-prod","seller-api","2047585","10910","28900","21600",,,,,,"vendor_seller_update_goods"
"2025-01-13T03:23:00.564Z","ip-172-31-225-245.ap-northeast-2.compute.internal-ably-prod","seller-api","2047584","10910","28900","21600",,,,,,"vendor_seller_update_goods"
"2025-01-13T03:22:58.817Z","ip-172-31-215-156.ap-northeast-2.compute.internal-ably-prod","seller-api","2047583","10910","28900","21600",,,,,,"vendor_seller_update_goods"
"2025-01-13T03:22:03.019Z","ip-172-31-197-121.ap-northeast-2.compute.internal-ably-prod","seller-api","8178267","14175",,,,,,,,"update_seller_goods"
"2025-01-13T03:21:14.034Z","ip-172-31-211-217.ap-northeast-2.compute.internal-ably-prod","seller-api","2022696","10910","57000","39800",,,,,,"vendor_seller_update_goods"
"2025-01-13T03:21:05.364Z","ip-172-31-203-42.ap-northeast-2.compute.internal-ably-prod","seller-api","2022694","10910","57000","39800",,,,,,"vendor_seller_update_goods"
"2025-01-13T03:21:01.734Z","ip-172-31-225-245.ap-northeast-2.compute.internal-ably-prod","seller-api","2022693","10910","57000","39800",,,,,,"vendor_seller_update_goods"
"2025-01-13T03:20:59.945Z","ip-172-31-198-8.ap-northeast-2.compute.internal-ably-prod","seller-api","2022692","10910","57000","39800",,,,,,"vendor_seller_update_goods"
"2025-01-13T03:20:57.513Z","ip-172-31-236-92.ap-northeast-2.compute.internal-ably-prod","seller-api","2022688","10910","57000","39800",,,,,,"vendor_seller_update_goods"
"2025-01-13T03:20:55.363Z","ip-172-31-203-42.ap-northeast-2.compute.internal-ably-prod","seller-api","30470658","10910","125000","89800",,,,,,"vendor_seller_update_goods"
"2025-01-13T03:20:54.942Z","ip-172-31-198-8.ap-northeast-2.compute.internal-ably-prod","seller-api","2022686","10910","57000","39800",,,,,,"vendor_seller_update_goods"
"2025-01-13T03:20:53.027Z","ip-172-31-211-217.ap-northeast-2.compute.internal-ably-prod","seller-api","2022685","10910","57000","39800",,,,,,"vendor_seller_update_goods"
"2025-01-13T03:20:52.013Z","ip-172-31-198-8.ap-northeast-2.compute.internal-ably-prod","seller-api","30470660","10910","125000","89800",,,,,,"vendor_seller_update_goods"
"2025-01-13T03:20:50.957Z","ip-172-31-198-8.ap-northeast-2.compute.internal-ably-prod","seller-api","2022684","10910","57000","39800",,,,,,"vendor_seller_update_goods"
"2025-01-13T03:20:46.939Z","ip-172-31-198-8.ap-northeast-2.compute.internal-ably-prod","seller-api","30470662","10910","125000","89800",,,,,,"vendor_seller_update_goods"
"2025-01-13T03:20:37.763Z","ip-172-31-225-245.ap-northeast-2.compute.internal-ably-prod","seller-api","30470665","10910","125000","89800",,,,,,"vendor_seller_update_goods"
"2025-01-13T03:19:44.756Z","ip-172-31-225-245.ap-northeast-2.compute.internal-ably-prod","seller-api","37963713","6033",,,,,,,,"update_seller_goods"
"2025-01-13T03:17:50.875Z","ip-172-31-198-8.ap-northeast-2.compute.internal-ably-prod","seller-api","1815468","10910","59900","43900",,,,,,"vendor_seller_update_goods"
"2025-01-13T03:17:47.785Z","ip-172-31-204-250.ap-northeast-2.compute.internal-ably-prod","seller-api","1815467","10910","59900","43900",,,,,,"vendor_seller_update_goods"
"2025-01-13T03:17:45.784Z","ip-172-31-204-250.ap-northeast-2.compute.internal-ably-prod","seller-api","1815466","10910","59900","43900",,,,,,"vendor_seller_update_goods"
"2025-01-13T03:17:42.889Z","ip-172-31-198-8.ap-northeast-2.compute.internal-ably-prod","seller-api","1815464","10910","59900","43900",,,,,,"vendor_seller_update_goods"
"2025-01-13T03:16:20.677Z","ip-172-31-225-245.ap-northeast-2.compute.internal-ably-prod","seller-api","1738087","10910","19800","19800",,,,,,"vendor_seller_update_goods"
"2025-01-13T03:16:02.932Z","ip-172-31-211-217.ap-northeast-2.compute.internal-ably-prod","seller-api","1738085","10910","19800","19800",,,,,,"vendor_seller_update_goods"
"2025-01-13T03:15:13.670Z","ip-172-31-253-86.ap-northeast-2.compute.internal-ably-prod","seller-api","30470665","10910","125000","89800",,,,,,"vendor_seller_update_goods"
"2025-01-13T03:14:39.858Z","ip-172-31-198-8.ap-northeast-2.compute.internal-ably-prod","seller-api","3552349","10910","57000","41900",,,,,,"vendor_seller_update_goods"
"2025-01-13T03:14:35.694Z","ip-172-31-225-245.ap-northeast-2.compute.internal-ably-prod","seller-api","1707426","10910","48500","34900",,,,,,"vendor_seller_update_goods"
"2025-01-13T03:14:35.656Z","ip-172-31-225-245.ap-northeast-2.compute.internal-ably-prod","seller-api","3552350","10910","57000","41900",,,,,,"vendor_seller_update_goods"
"2025-01-13T03:14:33.748Z","ip-172-31-204-250.ap-northeast-2.compute.internal-ably-prod","seller-api","1707424","10910","48500","34900",,,,,,"vendor_seller_update_goods"
"2025-01-13T03:14:31.487Z","ip-172-31-209-114.ap-northeast-2.compute.internal-ably-prod","seller-api","3552351","10910","57000","41900",,,,,,"vendor_seller_update_goods"
"2025-01-13T03:14:27.485Z","ip-172-31-209-114.ap-northeast-2.compute.internal-ably-prod","seller-api","3552354","10910","57000","41900",,,,,,"vendor_seller_update_goods"
"2025-01-13T03:14:25.652Z","ip-172-31-225-245.ap-northeast-2.compute.internal-ably-prod","seller-api","1707423","10910","48500","34900",,,,,,"vendor_seller_update_goods"
"2025-01-13T03:13:57.601Z","ip-172-31-197-60.ap-northeast-2.compute.internal-ably-prod","seller-api","1707422","10910","48500","34900",,,,,,"vendor_seller_update_goods"
"2025-01-13T03:13:39.941Z","ip-172-31-220-169.ap-northeast-2.compute.internal-ably-prod","seller-api","1678078","10910","107000","74900",,,,,,"vendor_seller_update_goods"
"2025-01-13T03:13:11.687Z","ip-172-31-214-143.ap-northeast-2.compute.internal-ably-prod","seller-api","1426301","10910","50000","35900",,,,,,"vendor_seller_update_goods"
"2025-01-13T03:13:09.264Z","ip-172-31-225-75.ap-northeast-2.compute.internal-ably-prod","seller-api","1426362","10910","59900","43900",,,,,,"vendor_seller_update_goods"
"2025-01-13T03:12:53.988Z","ip-172-31-209-114.ap-northeast-2.compute.internal-ably-prod","seller-api","29842158","14557",,,,,,,,"update_seller_goods"
"2025-01-13T03:12:41.930Z","ip-172-31-220-169.ap-northeast-2.compute.internal-ably-prod","seller-api","1451728","10910","35900","35900",,,,,,"vendor_seller_update_goods"
"2025-01-13T03:12:31.789Z","ip-172-31-225-245.ap-northeast-2.compute.internal-ably-prod","seller-api","3552355","10910",,,,,,,,"update_seller_goods"
"2025-01-13T03:12:26.886Z","ip-172-31-211-217.ap-northeast-2.compute.internal-ably-prod","seller-api","1426345","10910","45500","32900",,,,,,"vendor_seller_update_goods"
"2025-01-13T03:12:18.801Z","ip-172-31-198-8.ap-northeast-2.compute.internal-ably-prod","seller-api","1426344","10910","45500","32900",,,,,,"vendor_seller_update_goods"
"2025-01-13T03:12:16.823Z","ip-172-31-198-8.ap-northeast-2.compute.internal-ably-prod","seller-api","1426343","10910","45500","32900",,,,,,"vendor_seller_update_goods"
"2025-01-13T03:12:08.783Z","ip-172-31-225-245.ap-northeast-2.compute.internal-ably-prod","seller-api","1426342","10910","45500","32900",,,,,,"vendor_seller_update_goods"
"2025-01-13T03:12:08.316Z","ip-172-31-198-207.ap-northeast-2.compute.internal-ably-prod","seller-api","1426340","10910","45500","32900",,,,,,"vendor_seller_update_goods"
"2025-01-13T03:12:05.960Z","ip-172-31-209-114.ap-northeast-2.compute.internal-ably-prod","seller-api","1426339","10910","45500","32900",,,,,,"vendor_seller_update_goods"
"2025-01-13T03:11:59.578Z","ip-172-31-197-60.ap-northeast-2.compute.internal-ably-prod","seller-api","1426338","10910","80000","63900",,,,,,"vendor_seller_update_goods"
"2025-01-13T03:11:53.661Z","ip-172-31-245-233.ap-northeast-2.compute.internal-ably-prod","seller-api","1426364","10910","55900","39800",,,,,,"vendor_seller_update_goods"
"2025-01-13T03:11:47.498Z","ip-172-31-215-156.ap-northeast-2.compute.internal-ably-prod","seller-api","1426323","10910","55900","39800",,,,,,"vendor_seller_update_goods"
"2025-01-13T03:11:45.951Z","ip-172-31-209-114.ap-northeast-2.compute.internal-ably-prod","seller-api","1426322","10910","55900","39800",,,,,,"vendor_seller_update_goods"
"2025-01-13T03:11:44.659Z","ip-172-31-245-233.ap-northeast-2.compute.internal-ably-prod","seller-api","1426321","10910","55900","39800",,,,,,"vendor_seller_update_goods"
"2025-01-13T03:11:42.456Z","ip-172-31-209-114.ap-northeast-2.compute.internal-ably-prod","seller-api","1426366","10910","55900","39800",,,,,,"vendor_seller_update_goods"
"2025-01-13T03:11:38.658Z","ip-172-31-245-233.ap-northeast-2.compute.internal-ably-prod","seller-api","1426315","10910","55900","39800",,,,,,"vendor_seller_update_goods"
"2025-01-13T03:11:36.516Z","ip-172-31-215-156.ap-northeast-2.compute.internal-ably-prod","seller-api","1426367","10910","55900","39800",,,,,,"vendor_seller_update_goods"
"2025-01-13T03:11:07.488Z","ip-172-31-215-156.ap-northeast-2.compute.internal-ably-prod","seller-api","29842158","14557",,,,,,,,"update_seller_goods"
"2025-01-13T03:10:45.562Z","ip-172-31-197-60.ap-northeast-2.compute.internal-ably-prod","seller-api","1396816","10910","104000","72900",,,,,,"vendor_seller_update_goods"
"2025-01-13T03:10:38.742Z","ip-172-31-225-245.ap-northeast-2.compute.internal-ably-prod","seller-api","1396801","10910","53000","38900",,,,,,"vendor_seller_update_goods"
"2025-01-13T03:10:36.758Z","ip-172-31-197-60.ap-northeast-2.compute.internal-ably-prod","seller-api","1396797","10910","53000","38900",,,,,,"vendor_seller_update_goods"
"2025-01-13T03:10:01.067Z","ip-172-31-209-114.ap-northeast-2.compute.internal-ably-prod","seller-api","37963695","6033",,,,,,,,"update_seller_goods"
"2025-01-13T03:07:20.513Z","ip-172-31-197-60.ap-northeast-2.compute.internal-ably-prod","seller-api","2975432","10910","61000","44900",,,,,,"vendor_seller_update_goods"
"2025-01-13T03:06:25.747Z","ip-172-31-209-114.ap-northeast-2.compute.internal-ably-prod","seller-api","2210247","10910","42800","29800",,,,,,"vendor_seller_update_goods"
"2025-01-13T03:06:20.707Z","ip-172-31-215-156.ap-northeast-2.compute.internal-ably-prod","seller-api","2047588","10910","28900","21600",,,,,,"vendor_seller_update_goods"
"2025-01-13T03:05:52.593Z","ip-172-31-209-114.ap-northeast-2.compute.internal-ably-prod","seller-api","33467531","7267",,,,,,,,"update_seller_goods"
"2025-01-13T03:05:08.239Z","ip-172-31-198-207.ap-northeast-2.compute.internal-ably-prod","seller-api","3288628","7267",,,,,,,,"update_seller_goods"
"2025-01-13T03:03:54.514Z","ip-172-31-209-114.ap-northeast-2.compute.internal-ably-prod","seller-api","27927738","7267",,,,,,,,"update_seller_goods"
"2025-01-13T03:02:52.348Z","ip-172-31-216-1.ap-northeast-2.compute.internal-ably-prod","seller-api","26075746","7267",,,,,,,,"update_seller_goods"
"2025-01-13T03:02:06.869Z","ip-172-31-215-156.ap-northeast-2.compute.internal-ably-prod","seller-api","3552349","10910","57000","41900",,,,,,"vendor_seller_update_goods"
"2025-01-13T03:02:03.116Z","ip-172-31-214-143.ap-northeast-2.compute.internal-ably-prod","seller-api","3552351","10910","57000","41900",,,,,,"vendor_seller_update_goods"
"2025-01-13T03:01:57.621Z","ip-172-31-212-102.ap-northeast-2.compute.internal-ably-prod","seller-api","3552354","10910","57000","41900",,,,,,"vendor_seller_update_goods"
"2025-01-13T03:00:55.762Z","ip-172-31-220-169.ap-northeast-2.compute.internal-ably-prod","seller-api","31561132","7267",,,,,,,,"update_seller_goods"
"2025-01-13T03:00:31.934Z","ip-172-31-245-233.ap-northeast-2.compute.internal-ably-prod","seller-api","4278910","14175",,,,,,,,"update_seller_goods"
"2025-01-13T03:00:00.501Z","ip-172-31-202-251.ap-northeast-2.compute.internal-ably-prod","seller-api","10707504","7267",,,,,,,,"update_seller_goods"
"2025-01-13T02:59:42.558Z","ip-172-31-225-245.ap-northeast-2.compute.internal-ably-prod","seller-api","37963649","6033",,,,,,,,"update_seller_goods"
"2025-01-13T02:55:55.872Z","ip-172-31-209-114.ap-northeast-2.compute.internal-ably-prod","seller-api","11797447","6033",,,,,,,,"update_seller_goods"
"2025-01-13T02:52:54.428Z","ip-172-31-202-251.ap-northeast-2.compute.internal-ably-prod","seller-api","5369194","6033",,,,,,,,"update_seller_goods"
"2025-01-13T02:50:54.590Z","ip-172-31-216-1.ap-northeast-2.compute.internal-ably-prod","seller-api","5003202","6033",,,,,,,,"update_seller_goods"
"2025-01-13T02:44:59.343Z","ip-172-31-202-251.ap-northeast-2.compute.internal-ably-prod","seller-api","28703644","7267",,,,,,,,"update_seller_goods"
"2025-01-13T02:41:45.386Z","ip-172-31-202-206.ap-northeast-2.compute.internal-ably-prod","seller-api","3609300","7267",,,,,,,,"update_seller_goods"
"2025-01-13T02:41:24.087Z","ip-172-31-255-154.ap-northeast-2.compute.internal-ably-prod","seller-api","26680837","10007",,,,,,,,"update_seller_goods"
"2025-01-13T02:41:01.659Z","ip-172-31-197-60.ap-northeast-2.compute.internal-ably-prod","seller-api","3628525","7267",,,,,,,,"update_seller_goods"
"2025-01-13T02:39:28.562Z","ip-172-31-228-75.ap-northeast-2.compute.internal-ably-prod","seller-api","33880876","7267",,,,,,,,"update_seller_goods"
"2025-01-13T02:37:36.132Z","ip-172-31-253-75.ap-northeast-2.compute.internal-ably-prod","seller-api","6596546","6033",,,,,,,,"update_seller_goods"
"2025-01-13T02:37:25.131Z","ip-172-31-253-75.ap-northeast-2.compute.internal-ably-prod","seller-api","14618270","7267",,,,,,,,"update_seller_goods"
"2025-01-13T02:36:25.530Z","ip-172-31-228-75.ap-northeast-2.compute.internal-ably-prod","seller-api","11672930","7267",,,,,,,,"update_seller_goods"
"2025-01-13T02:35:28.112Z","ip-172-31-253-75.ap-northeast-2.compute.internal-ably-prod","seller-api","32242059","14557",,,,,,,,"update_seller_goods"
"2025-01-13T02:35:22.527Z","ip-172-31-201-187.ap-northeast-2.compute.internal-ably-prod","seller-api","16920265","7267",,,,,,,,"update_seller_goods"
"2025-01-13T02:34:20.075Z","ip-172-31-201-192.ap-northeast-2.compute.internal-ably-prod","seller-api","26803785","6033",,,,,,,,"update_seller_goods"
"2025-01-13T02:33:39.015Z","ip-172-31-255-154.ap-northeast-2.compute.internal-ably-prod","seller-api","5003202","6033",,,,,,,,"update_seller_goods"
"2025-01-13T02:32:18.496Z","ip-172-31-201-187.ap-northeast-2.compute.internal-ably-prod","seller-api","37963643","6033",,,,,,,,"update_seller_goods"
"2025-01-13T02:32:15.834Z","ip-172-31-215-101.ap-northeast-2.compute.internal-ably-prod","seller-api","2436850","14557",,,,,,,,"update_seller_goods"
"2025-01-13T02:31:38.883Z","ip-172-31-245-233.ap-northeast-2.compute.internal-ably-prod","seller-api","5369194","6033",,,,,,,,"update_seller_goods"
"2025-01-13T02:30:46.012Z","ip-172-31-201-192.ap-northeast-2.compute.internal-ably-prod","seller-api","11797447","6033",,,,,,,,"update_seller_goods"
"2025-01-13T02:30:45.011Z","ip-172-31-201-192.ap-northeast-2.compute.internal-ably-prod","seller-api","34833366","14557",,,,,,,,"update_seller_goods"
"2025-01-13T02:28:06.285Z","ip-172-31-197-44.ap-northeast-2.compute.internal-ably-prod","seller-api","35827551","6033",,,,,,,,"update_seller_goods"
"2025-01-13T02:24:04.960Z","ip-172-31-209-114.ap-northeast-2.compute.internal-ably-prod","seller-api","32364029","7267",,,,,,,,"update_seller_goods"
"2025-01-13T02:22:30.895Z","ip-172-31-215-101.ap-northeast-2.compute.internal-ably-prod","seller-api","37963632","6033",,,,,,,,"update_seller_goods"
"2025-01-13T02:20:58.874Z","ip-172-31-215-101.ap-northeast-2.compute.internal-ably-prod","seller-api","8656041","8813","63500","43800","0",,"19700","2025-01-13T00:00:00Z","2999-12-31T23:59:59Z","vendor_seller_update_goods"
"2025-01-13T02:10:14.072Z","ip-172-31-235-174.ap-northeast-2.compute.internal-ably-prod","seller-api","37748001","6033",,,,,,,,"update_seller_goods"
"2025-01-13T02:08:38.960Z","ip-172-31-253-86.ap-northeast-2.compute.internal-ably-prod","seller-api","1788552","5566",,,,,,,,"update_seller_goods"
"2025-01-13T02:08:21.448Z","ip-172-31-204-62.ap-northeast-2.compute.internal-ably-prod","seller-api","35398068","5566",,,,,,,,"update_seller_goods"
"2025-01-13T02:08:15.065Z","ip-172-31-255-154.ap-northeast-2.compute.internal-ably-prod","seller-api","28708451","9172",,,,,,,,"update_seller_goods"
"2025-01-13T02:08:03.010Z","ip-172-31-235-11.ap-northeast-2.compute.internal-ably-prod","seller-api","35398069","5566",,,,,,,,"update_seller_goods"
"2025-01-13T02:07:33.924Z","ip-172-31-218-19.ap-northeast-2.compute.internal-ably-prod","seller-api","36879424","14109",,,,,,,,"update_seller_goods"
"2025-01-13T02:07:05.945Z","ip-172-31-253-86.ap-northeast-2.compute.internal-ably-prod","seller-api","22944284","9172",,,,,,,,"update_seller_goods"
"2025-01-13T02:04:20.916Z","ip-172-31-253-86.ap-northeast-2.compute.internal-ably-prod","seller-api","37963695","6033","34900","34900",,,,,,"vendor_seller_update_goods"
"2025-01-13T02:04:20.866Z","ip-172-31-246-172.ap-northeast-2.compute.internal-ably-prod","seller-api","37963721","6033","49900","49900",,,,,,"vendor_seller_update_goods"
"2025-01-13T02:04:20.690Z","ip-172-31-249-231.ap-northeast-2.compute.internal-ably-prod","seller-api","37963727","6033","38900","38900",,,,,,"vendor_seller_update_goods"
"2025-01-13T02:04:19.979Z","ip-172-31-246-121.ap-northeast-2.compute.internal-ably-prod","seller-api","37963713","6033","17800","17800",,,,,,"vendor_seller_update_goods"
"2025-01-13T02:04:19.866Z","ip-172-31-246-172.ap-northeast-2.compute.internal-ably-prod","seller-api","37963643","6033","34800","34800",,,,,,"vendor_seller_update_goods"
"2025-01-13T02:04:19.690Z","ip-172-31-249-231.ap-northeast-2.compute.internal-ably-prod","seller-api","37963714","6033","36800","36800",,,,,,"vendor_seller_update_goods"
"2025-01-13T02:04:19.690Z","ip-172-31-249-231.ap-northeast-2.compute.internal-ably-prod","seller-api","37963649","6033","25800","25800",,,,,,"vendor_seller_update_goods"
"2025-01-13T02:04:19.643Z","ip-172-31-199-47.ap-northeast-2.compute.internal-ably-prod","seller-api","37963632","6033","29800","29800",,,,,,"vendor_seller_update_goods"
"2025-01-13T02:03:57.329Z","ip-172-31-204-62.ap-northeast-2.compute.internal-ably-prod","seller-api",,"6033","38900","38900",,,,,,"vendor_seller_create_goods"
"2025-01-13T02:03:51.638Z","ip-172-31-199-47.ap-northeast-2.compute.internal-ably-prod","seller-api","20456721","9172",,,,,,,,"update_seller_goods"
"2025-01-13T02:03:40.678Z","ip-172-31-249-231.ap-northeast-2.compute.internal-ably-prod","seller-api",,"6033","49900","49900",,,,,,"vendor_seller_create_goods"
"2025-01-13T02:03:35.908Z","ip-172-31-253-86.ap-northeast-2.compute.internal-ably-prod","seller-api","20456721","9172",,,,,,,,"update_seller_goods"
"2025-01-13T02:03:29.673Z","ip-172-31-249-231.ap-northeast-2.compute.internal-ably-prod","seller-api",,"6033","36800","36800",,,,,,"vendor_seller_create_goods"
"2025-01-13T02:03:24.994Z","ip-172-31-255-154.ap-northeast-2.compute.internal-ably-prod","seller-api",,"6033","17800","17800",,,,,,"vendor_seller_create_goods"
"2025-01-13T02:01:56.614Z","ip-172-31-199-47.ap-northeast-2.compute.internal-ably-prod","seller-api",,"6033","34900","34900",,,,,,"vendor_seller_create_goods"
"2025-01-13T01:59:04.916Z","ip-172-31-246-121.ap-northeast-2.compute.internal-ably-prod","seller-api",,"6033","25800","25800",,,,,,"vendor_seller_create_goods"
"2025-01-13T01:58:32.366Z","ip-172-31-217-104.ap-northeast-2.compute.internal-ably-prod","seller-api",,"6033","34800","34800",,,,,,"vendor_seller_create_goods"
"2025-01-13T01:57:59.160Z","ip-172-31-193-171.ap-northeast-2.compute.internal-ably-prod","seller-api",,"6033","29800","29800",,,,,,"vendor_seller_create_goods"
"2025-01-13T01:51:30.345Z","ip-172-31-214-143.ap-northeast-2.compute.internal-ably-prod","seller-api","966536","8813","28800","20900","0",,"7900","2025-01-13T00:00:00Z","2999-12-31T23:59:59Z","vendor_seller_update_goods"
"2025-01-13T01:51:25.645Z","ip-172-31-218-110.ap-northeast-2.compute.internal-ably-prod","seller-api","966559","8813","24800","17900","0",,"6900","2025-01-13T00:00:00Z","2999-12-31T23:59:59Z","vendor_seller_update_goods"
"2025-01-13T01:50:37.496Z","ip-172-31-239-221.ap-northeast-2.compute.internal-ably-prod","seller-api","4786147","5916","32900","29900",,,,,,"vendor_seller_update_goods"
"2025-01-13T01:48:32.826Z","ip-172-31-245-233.ap-northeast-2.compute.internal-ably-prod","seller-api","10951827","10007",,,,,,,,"update_seller_goods"
"2025-01-13T01:46:24.865Z","ip-172-31-247-81.ap-northeast-2.compute.internal-ably-prod","seller-api","4786145","5916","32900","29900",,,,,,"vendor_seller_update_goods"
"2025-01-13T01:45:32.761Z","ip-172-31-235-174.ap-northeast-2.compute.internal-ably-prod","seller-api","7747557","8813","38500","23900","0",,"14600","2025-01-13T00:00:00Z","2999-12-31T23:59:59Z","vendor_seller_update_goods"
"2025-01-13T01:45:27.210Z","ip-172-31-217-104.ap-northeast-2.compute.internal-ably-prod","seller-api","7747567","8813","34200","23900","0",,"10300","2025-01-13T00:00:00Z","2999-12-31T23:59:59Z","vendor_seller_update_goods"
"2025-01-13T01:45:22.891Z","ip-172-31-245-233.ap-northeast-2.compute.internal-ably-prod","seller-api","7747574","8813","38500","23900","0",,"14600","2025-01-13T00:00:00Z","2999-12-31T23:59:59Z","vendor_seller_update_goods"
"2025-01-13T01:45:16.371Z","ip-172-31-228-75.ap-northeast-2.compute.internal-ably-prod","seller-api","7747578","8813","35600","24900","0",,"10700","2025-01-13T00:00:00Z","2999-12-31T23:59:59Z","vendor_seller_update_goods"
"2025-01-13T01:45:13.506Z","ip-172-31-193-171.ap-northeast-2.compute.internal-ably-prod","seller-api","11599169","5916","35900","32900",,,,,,"vendor_seller_update_goods"
"2025-01-13T01:45:11.758Z","ip-172-31-235-174.ap-northeast-2.compute.internal-ably-prod","seller-api","7747584","8813","34200","23900","0",,"10300","2025-01-13T00:00:00Z","2999-12-31T23:59:59Z","vendor_seller_update_goods"
"2025-01-13T01:43:50.441Z","ip-172-31-96-45.ap-northeast-2.compute.internal-ably-prod","seller-api","8150636","8813","35600","24900","0",,"10700","2025-01-13T00:00:00Z","2999-12-31T23:59:59Z","vendor_seller_update_goods"
"2025-01-13T01:43:07.741Z","ip-172-31-235-174.ap-northeast-2.compute.internal-ably-prod","seller-api","8205767","8813","65400","42800","0",,"22600","2025-01-13T00:00:00Z","2999-12-31T23:59:59Z","vendor_seller_update_goods"
"2025-01-13T01:43:02.396Z","ip-172-31-96-45.ap-northeast-2.compute.internal-ably-prod","seller-api","8205770","8813","75500","51800","0",,"23700","2025-01-13T00:00:00Z","2999-12-31T23:59:59Z","vendor_seller_update_goods"
"2025-01-13T01:42:03.344Z","ip-172-31-96-45.ap-northeast-2.compute.internal-ably-prod","seller-api","8656041","8813","63500","43800","0",,"19700","2025-01-13T00:00:00Z","2999-12-31T23:59:59Z","vendor_seller_update_goods"
"2025-01-13T01:41:32.741Z","ip-172-31-218-179.ap-northeast-2.compute.internal-ably-prod","seller-api","9002996","8813","35600","19900","0",,"15700","2025-01-13T00:00:00Z","2999-12-31T23:59:59Z","vendor_seller_update_goods"
"2025-01-13T01:41:31.405Z","ip-172-31-217-104.ap-northeast-2.compute.internal-ably-prod","seller-api","37963336","14109",,,,,,,,"update_seller_goods"
"2025-01-13T01:40:19.833Z","ip-172-31-214-143.ap-northeast-2.compute.internal-ably-prod","seller-api","37963331","14109",,,,,,,,"update_seller_goods"
"2025-01-13T01:39:31.831Z","ip-172-31-245-233.ap-northeast-2.compute.internal-ably-prod","seller-api","37768698","9172",,,,,,,,"update_seller_goods"
"2025-01-13T01:39:09.314Z","ip-172-31-206-11.ap-northeast-2.compute.internal-ably-prod","seller-api","37963319","14109",,,,,,,,"update_seller_goods"
"2025-01-13T01:38:24.955Z","ip-172-31-218-110.ap-northeast-2.compute.internal-ably-prod","seller-api","37768629","9172",,,,,,,,"update_seller_goods"
"2025-01-13T01:38:06.475Z","ip-172-31-210-205.ap-northeast-2.compute.internal-ably-prod","seller-api",,"14109","54900","54900",,,,,,"vendor_seller_create_goods"
"2025-01-13T01:37:31.815Z","ip-172-31-245-233.ap-northeast-2.compute.internal-ably-prod","seller-api",,"14109","57500","57500",,,,,,"vendor_seller_create_goods"
"2025-01-13T01:36:48.809Z","ip-172-31-245-233.ap-northeast-2.compute.internal-ably-prod","seller-api",,"14109","59900","59900",,,,,,"vendor_seller_create_goods"
"2025-01-13T01:35:18.147Z","ip-172-31-214-143.ap-northeast-2.compute.internal-ably-prod","seller-api","36461381","5566",,,,,,,,"update_seller_goods"
"2025-01-13T01:34:40.885Z","ip-172-31-235-174.ap-northeast-2.compute.internal-ably-prod","seller-api","33037816","14109",,,,,,,,"update_seller_goods"
"2025-01-13T01:32:00.634Z","ip-172-31-218-179.ap-northeast-2.compute.internal-ably-prod","seller-api","18169263","14557",,,,,,,,"update_seller_goods"
"2025-01-13T01:31:28.331Z","ip-172-31-193-171.ap-northeast-2.compute.internal-ably-prod","seller-api","16877058","8813","35600","25900","0",,"9700","2025-01-13T00:00:00Z","2999-12-31T23:59:59Z","vendor_seller_update_goods"
"2025-01-13T01:31:23.700Z","ip-172-31-96-45.ap-northeast-2.compute.internal-ably-prod","seller-api","16877060","8813","35600","25900","0",,"9700","2025-01-13T00:00:00Z","2999-12-31T23:59:59Z","vendor_seller_update_goods"
"2025-01-13T01:31:18.586Z","ip-172-31-235-141.ap-northeast-2.compute.internal-ably-prod","seller-api","16877067","8813","31300","23900","0",,"7400","2025-01-13T00:00:00Z","2999-12-31T23:59:59Z","vendor_seller_update_goods"
"2025-01-13T01:28:32.463Z","ip-172-31-96-45.ap-northeast-2.compute.internal-ably-prod","seller-api","2125093","5566","34500","34500",,,,,,"vendor_seller_update_goods"
"2025-01-13T01:27:32.278Z","ip-172-31-193-171.ap-northeast-2.compute.internal-ably-prod","seller-api","16984924","8813","69800","49800","0",,"20000","2025-01-13T00:00:00Z","2999-12-31T23:59:59Z","vendor_seller_update_goods"
"2025-01-13T01:26:42.266Z","ip-172-31-193-171.ap-northeast-2.compute.internal-ably-prod","seller-api","35022181","6033",,,,,,,,"update_seller_goods"
"2025-01-13T01:25:59.790Z","ip-172-31-235-174.ap-northeast-2.compute.internal-ably-prod","seller-api","20008205","8813","31300","23900","0",,"7400","2025-01-13T00:00:00Z","2999-12-31T23:59:59Z","vendor_seller_update_goods"
"2025-01-13T01:25:55.338Z","ip-172-31-96-45.ap-northeast-2.compute.internal-ably-prod","seller-api","20008244","8813","35600","25900","0",,"9700","2025-01-13T00:00:00Z","2999-12-31T23:59:59Z","vendor_seller_update_goods"
"2025-01-13T01:25:45.517Z","ip-172-31-234-230.ap-northeast-2.compute.internal-ably-prod","seller-api","20008343","8813","34200","23900","0",,"10300","2025-01-13T00:00:00Z","2999-12-31T23:59:59Z","vendor_seller_update_goods"
"2025-01-13T01:25:40.822Z","ip-172-31-218-110.ap-northeast-2.compute.internal-ably-prod","seller-api","20008359","8813","35600","24900","0",,"10700","2025-01-13T00:00:00Z","2999-12-31T23:59:59Z","vendor_seller_update_goods"
"2025-01-13T01:25:35.317Z","ip-172-31-96-45.ap-northeast-2.compute.internal-ably-prod","seller-api","20008674","8813","25800","19900","0",,"5900","2025-01-13T00:00:00Z","2999-12-31T23:59:59Z","vendor_seller_update_goods"
"2025-01-13T01:25:30.631Z","ip-172-31-214-143.ap-northeast-2.compute.internal-ably-prod","seller-api","20009473","8813","69800","49800","0",,"20000","2025-01-13T00:00:00Z","2999-12-31T23:59:59Z","vendor_seller_update_goods"
"2025-01-13T01:25:25.510Z","ip-172-31-234-230.ap-northeast-2.compute.internal-ably-prod","seller-api","20009532","8813","58200","45800","0",,"12400","2025-01-13T00:00:00Z","2999-12-31T23:59:59Z","vendor_seller_update_goods"
"2025-01-13T01:25:19.205Z","ip-172-31-217-104.ap-northeast-2.compute.internal-ably-prod","seller-api","20009581","8813","69800","48800","0",,"21000","2025-01-13T00:00:00Z","2999-12-31T23:59:59Z","vendor_seller_update_goods"
"2025-01-13T01:25:14.305Z","ip-172-31-96-45.ap-northeast-2.compute.internal-ably-prod","seller-api","20009722","8813","75500","51800","0",,"23700","2025-01-13T00:00:00Z","2999-12-31T23:59:59Z","vendor_seller_update_goods"
"2025-01-13T01:23:42.366Z","ip-172-31-214-143.ap-northeast-2.compute.internal-ably-prod","seller-api","21225479","8813","25800","19900","0",,"5900","2025-01-13T00:00:00Z","2999-12-31T23:59:59Z","vendor_seller_update_goods"
"2025-01-13T01:18:47.526Z","ip-172-31-193-171.ap-northeast-2.compute.internal-ably-prod","seller-api","33449964","8813","63500","43800","0",,"19700","2025-01-13T00:00:00Z","2999-12-31T23:59:59Z","vendor_seller_update_goods"
"2025-01-13T01:14:55.204Z","ip-172-31-214-143.ap-northeast-2.compute.internal-ably-prod","seller-api","3068586","9172",,,,,,,,"update_seller_goods"
"2025-01-13T01:13:04.639Z","ip-172-31-239-220.ap-northeast-2.compute.internal-ably-prod","seller-api","7047635","9172",,,,,,,,"update_seller_goods"
"2025-01-13T01:12:04.624Z","ip-172-31-239-220.ap-northeast-2.compute.internal-ably-prod","seller-api","37697750","6033",,,,,,,,"update_seller_goods"
"2025-01-13T01:09:23.437Z","ip-172-31-217-104.ap-northeast-2.compute.internal-ably-prod","seller-api","3360812","9172",,,,,,,,"update_seller_goods"
"2025-01-13T01:07:26.434Z","ip-172-31-203-173.ap-northeast-2.compute.internal-ably-prod","seller-api","8004675","9172",,,,,,,,"update_seller_goods"
"2025-01-13T01:05:21.497Z","ip-172-31-239-220.ap-northeast-2.compute.internal-ably-prod","seller-api","27464538","14557",,,,,,,,"update_seller_goods"
"2025-01-13T01:04:05.828Z","ip-172-31-235-141.ap-northeast-2.compute.internal-ably-prod","seller-api","26670359","9172",,,,,,,,"update_seller_goods"
"2025-01-13T01:03:44.984Z","ip-172-31-214-143.ap-northeast-2.compute.internal-ably-prod","seller-api","29842148","14557",,,,,,,,"update_seller_goods"
"2025-01-13T01:03:21.587Z","ip-172-31-96-45.ap-northeast-2.compute.internal-ably-prod","seller-api","36414543","9172",,,,,,,,"update_seller_goods"
"2025-01-13T01:01:41.769Z","ip-172-31-220-169.ap-northeast-2.compute.internal-ably-prod","seller-api","21477831","14557",,,,,,,,"update_seller_goods"
"2025-01-13T01:00:29.422Z","ip-172-31-96-45.ap-northeast-2.compute.internal-ably-prod","seller-api","6752215","9172",,,,,,,,"update_seller_goods"
"2025-01-13T01:00:11.356Z","ip-172-31-96-45.ap-northeast-2.compute.internal-ably-prod","seller-api","6752215","9172",,,,,,,,"update_seller_goods"
"2025-01-13T01:00:02.875Z","ip-172-31-196-27.ap-northeast-2.compute.internal-ably-prod","seller-api","24317498","14557",,,,,,,,"update_seller_goods"
"2025-01-13T00:59:36.828Z","ip-172-31-214-143.ap-northeast-2.compute.internal-ably-prod","seller-api","24317498","14557",,,,,,,,"update_seller_goods"
"2025-01-13T00:57:55.754Z","ip-172-31-235-91.ap-northeast-2.compute.internal-ably-prod","seller-api","21477205","14557",,,,,,,,"update_seller_goods"
"2025-01-13T00:55:42.732Z","ip-172-31-235-91.ap-northeast-2.compute.internal-ably-prod","seller-api","33900470","14557",,,,,,,,"update_seller_goods"
"2025-01-13T00:50:41.025Z","ip-172-31-196-95.ap-northeast-2.compute.internal-ably-prod","seller-api","6211603","9172",,,,,,,,"update_seller_goods"
"2025-01-13T00:46:14.920Z","ip-172-31-96-45.ap-northeast-2.compute.internal-ably-prod","seller-api","7832281","9172",,,,,,,,"update_seller_goods"
"2025-01-13T00:45:16.217Z","ip-172-31-214-143.ap-northeast-2.compute.internal-ably-prod","seller-api","12180584","9172",,,,,,,,"update_seller_goods"
"2025-01-13T00:43:56.978Z","ip-172-31-212-170.ap-northeast-2.compute.internal-ably-prod","seller-api","1595539","9172",,,,,,,,"update_seller_goods"
"2025-01-13T00:43:03.738Z","ip-172-31-96-45.ap-northeast-2.compute.internal-ably-prod","seller-api","29839833","9172",,,,,,,,"update_seller_goods"
"2025-01-13T00:42:13.187Z","ip-172-31-196-95.ap-northeast-2.compute.internal-ably-prod","seller-api","4029062","9172",,,,,,,,"update_seller_goods"
"2025-01-13T00:40:30.064Z","ip-172-31-214-143.ap-northeast-2.compute.internal-ably-prod","seller-api","3473290","9172",,,,,,,,"update_seller_goods"
"2025-01-13T00:40:22.170Z","ip-172-31-196-95.ap-northeast-2.compute.internal-ably-prod","seller-api","3654591","4897","30500","30500",,,,,,"vendor_seller_update_goods"
"2025-01-13T00:40:14.809Z","ip-172-31-220-169.ap-northeast-2.compute.internal-ably-prod","seller-api","29284728","10321",,,,,,,,"update_seller_goods"
"2025-01-13T00:39:56.097Z","ip-172-31-231-61.ap-northeast-2.compute.internal-ably-prod","seller-api","31283893","10321",,,,,,,,"update_seller_goods"
"2025-01-13T00:39:33.939Z","ip-172-31-212-170.ap-northeast-2.compute.internal-ably-prod","seller-api","31283899","10321",,,,,,,,"update_seller_goods"
"2025-01-13T00:39:08.792Z","ip-172-31-220-169.ap-northeast-2.compute.internal-ably-prod","seller-api","31283905","10321",,,,,,,,"update_seller_goods"
"2025-01-13T00:35:29.351Z","ip-172-31-113-223.ap-northeast-2.compute.internal-ably-prod","seller-api","1595539","9172",,,,,,,,"update_seller_goods"
"2025-01-13T00:30:11Z","ip-172-31-231-61.ap-northeast-2.compute.internal-ably-prod","seller-api","33194956","1158","49900","49900",,,,,,"vendor_seller_update_goods"
"2025-01-13T00:28:10.186Z","ip-172-31-231-61.ap-northeast-2.compute.internal-ably-prod","seller-api","34695962","11012","58000","58000",,,,,,"vendor_seller_update_goods"
"2025-01-13T00:27:42.954Z","ip-172-31-235-91.ap-northeast-2.compute.internal-ably-prod","seller-api","13957228","1158","46900","46900",,,,,,"vendor_seller_update_goods"
"2025-01-13T00:27:32.330Z","ip-172-31-214-143.ap-northeast-2.compute.internal-ably-prod","seller-api","24423230","1158","17900","17900",,,,,,"vendor_seller_update_goods"
"2025-01-13T00:27:30.931Z","ip-172-31-113-223.ap-northeast-2.compute.internal-ably-prod","seller-api","30052890","1158","39900","39900",,,,,,"vendor_seller_update_goods"
"2025-01-13T00:27:13.922Z","ip-172-31-113-223.ap-northeast-2.compute.internal-ably-prod","seller-api","33877399","1158","37900","37900",,,,,,"vendor_seller_update_goods"
"2025-01-13T00:22:09.133Z","ip-172-31-214-143.ap-northeast-2.compute.internal-ably-prod","seller-api","578653","1158","30900","30900",,,,,,"vendor_seller_update_goods"
"2025-01-13T00:22:08.749Z","ip-172-31-247-254.ap-northeast-2.compute.internal-ably-prod","seller-api","609035","1158","14900","14900",,,,,,"vendor_seller_update_goods"
"2025-01-13T00:22:08.334Z","ip-172-31-122-139.ap-northeast-2.compute.internal-ably-prod","seller-api","578613","1158","14900","14900",,,,,,"vendor_seller_update_goods"
"2025-01-13T00:22:07.988Z","ip-172-31-196-95.ap-northeast-2.compute.internal-ably-prod","seller-api","749974","1158","14900","14900",,,,,,"vendor_seller_update_goods"
"2025-01-13T00:21:47.074Z","ip-172-31-220-169.ap-northeast-2.compute.internal-ably-prod","seller-api","32364315","14557",,,,,,,,"update_seller_goods"
"2025-01-13T00:21:19.194Z","ip-172-31-235-11.ap-northeast-2.compute.internal-ably-prod","seller-api","5915187","14109",,,,,,,,"update_seller_goods"
"2025-01-13T00:20:22.725Z","ip-172-31-247-254.ap-northeast-2.compute.internal-ably-prod","seller-api","2035558","14557",,,,,,,,"update_seller_goods"
"2025-01-13T00:19:51.243Z","ip-172-31-122-139.ap-northeast-2.compute.internal-ably-prod","seller-api","34634050","14109",,,,,,,,"update_seller_goods"
"2025-01-13T00:19:27.162Z","ip-172-31-196-95.ap-northeast-2.compute.internal-ably-prod","seller-api","34634050","14109",,,,,,,,"update_seller_goods"
"2025-01-13T00:19:19.221Z","ip-172-31-122-139.ap-northeast-2.compute.internal-ably-prod","seller-api","1288567","1158","24900","24900",,,,,,"vendor_seller_update_goods"
"2025-01-13T00:19:19.021Z","ip-172-31-214-143.ap-northeast-2.compute.internal-ably-prod","seller-api","1318827","1158","22900","22900",,,,,,"vendor_seller_update_goods"
"2025-01-13T00:19:18.707Z","ip-172-31-247-254.ap-northeast-2.compute.internal-ably-prod","seller-api","801063","1158","14900","14900",,,,,,"vendor_seller_update_goods"
"2025-01-13T00:19:18.707Z","ip-172-31-247-254.ap-northeast-2.compute.internal-ably-prod","seller-api","1463509","1158","24900","24900",,,,,,"vendor_seller_update_goods"
"2025-01-13T00:19:18.220Z","ip-172-31-122-139.ap-northeast-2.compute.internal-ably-prod","seller-api","1463518","1158","27900","27900",,,,,,"vendor_seller_update_goods"
"2025-01-13T00:19:17.868Z","ip-172-31-235-91.ap-northeast-2.compute.internal-ably-prod","seller-api","788192","1158","33900","33900",,,,,,"vendor_seller_update_goods"
"2025-01-13T00:19:17.868Z","ip-172-31-235-91.ap-northeast-2.compute.internal-ably-prod","seller-api","1030287","1158","12900","12900",,,,,,"vendor_seller_update_goods"
"2025-01-13T00:19:08.103Z","ip-172-31-231-61.ap-northeast-2.compute.internal-ably-prod","seller-api","883740","1158","28900","28900",,,,,,"vendor_seller_update_goods"
"2025-01-13T00:19:07.323Z","ip-172-31-113-223.ap-northeast-2.compute.internal-ably-prod","seller-api","1114242","1158","20900","20900",,,,,,"vendor_seller_update_goods"
"2025-01-13T00:19:07.211Z","ip-172-31-122-139.ap-northeast-2.compute.internal-ably-prod","seller-api","1523330","1158","26900","26900",,,,,,"vendor_seller_update_goods"
"2025-01-13T00:19:07.158Z","ip-172-31-196-95.ap-northeast-2.compute.internal-ably-prod","seller-api","809572","1158","14900","14900",,,,,,"vendor_seller_update_goods"
"2025-01-13T00:19:02.010Z","ip-172-31-214-143.ap-northeast-2.compute.internal-ably-prod","seller-api","29958258","14109",,,,,,,,"update_seller_goods"
"2025-01-13T00:18:39.154Z","ip-172-31-196-95.ap-northeast-2.compute.internal-ably-prod","seller-api","31489951","14109",,,,,,,,"update_seller_goods"
"2025-01-13T00:18:24.696Z","ip-172-31-247-254.ap-northeast-2.compute.internal-ably-prod","seller-api","1783631","1158","39900","39900",,,,,,"vendor_seller_update_goods"
"2025-01-13T00:18:16.694Z","ip-172-31-247-254.ap-northeast-2.compute.internal-ably-prod","seller-api","1662514","1158","26900","26900",,,,,,"vendor_seller_update_goods"
"2025-01-13T00:18:07.149Z","ip-172-31-196-95.ap-northeast-2.compute.internal-ably-prod","seller-api","1628635","1158","23900","23900",,,,,,"vendor_seller_update_goods"
"2025-01-13T00:18:07.089Z","ip-172-31-235-11.ap-northeast-2.compute.internal-ably-prod","seller-api","1703065","1158","29900","29900",,,,,,"vendor_seller_update_goods"
"2025-01-13T00:18:06.021Z","ip-172-31-220-169.ap-northeast-2.compute.internal-ably-prod","seller-api","1873968","1158","26900","26900",,,,,,"vendor_seller_update_goods"
"2025-01-13T00:16:30.999Z","ip-172-31-220-169.ap-northeast-2.compute.internal-ably-prod","seller-api","2035558","14557",,,,,,,,"update_seller_goods"
"2025-01-13T00:15:56.068Z","ip-172-31-122-139.ap-northeast-2.compute.internal-ably-prod","seller-api","1989198","1158","20900","20900",,,,,,"vendor_seller_update_goods"
"2025-01-13T00:15:49.991Z","ip-172-31-220-169.ap-northeast-2.compute.internal-ably-prod","seller-api","5590749","1158","41900","41900",,,,,,"vendor_seller_update_goods"
"2025-01-13T00:15:48.828Z","ip-172-31-235-91.ap-northeast-2.compute.internal-ably-prod","seller-api","5541803","1158","29900","29900",,,,,,"vendor_seller_update_goods"
"2025-01-13T00:15:37.210Z","ip-172-31-113-223.ap-northeast-2.compute.internal-ably-prod","seller-api","2977312","1158","39900","39900",,,,,,"vendor_seller_update_goods"
"2025-01-13T00:15:34.573Z","ip-172-31-194-249.ap-northeast-2.compute.internal-ably-prod","seller-api","3973449","1158","23900","23900",,,,,,"vendor_seller_update_goods"
"2025-01-13T00:15:33.990Z","ip-172-31-235-11.ap-northeast-2.compute.internal-ably-prod","seller-api","2480627","1158","31900","31900",,,,,,"vendor_seller_update_goods"
"2025-01-13T00:15:33.541Z","ip-172-31-122-139.ap-northeast-2.compute.internal-ably-prod","seller-api","3327196","1158","35900","35900",,,,,,"vendor_seller_update_goods"
"2025-01-13T00:15:27.068Z","ip-172-31-231-61.ap-northeast-2.compute.internal-ably-prod","seller-api","2386888","1158","25900","25900",,,,,,"vendor_seller_update_goods"
"2025-01-13T00:15:26.205Z","ip-172-31-113-223.ap-northeast-2.compute.internal-ably-prod","seller-api","2492524","1158","25900","25900",,,,,,"vendor_seller_update_goods"
"2025-01-13T00:15:21.118Z","ip-172-31-196-95.ap-northeast-2.compute.internal-ably-prod","seller-api","4948229","1158","37900","37900",,,,,,"vendor_seller_update_goods"
"2025-01-13T00:15:08.116Z","ip-172-31-196-95.ap-northeast-2.compute.internal-ably-prod","seller-api","4360025","1158","33900","33900",,,,,,"vendor_seller_update_goods"
"2025-01-13T00:15:07.849Z","ip-172-31-214-143.ap-northeast-2.compute.internal-ably-prod","seller-api","2217753","1158","25900","25900",,,,,,"vendor_seller_update_goods"
"2025-01-13T00:15:05.981Z","ip-172-31-220-169.ap-northeast-2.compute.internal-ably-prod","seller-api","2456977","1158","15900","15900",,,,,,"vendor_seller_update_goods"
"2025-01-13T00:15:05.821Z","ip-172-31-235-91.ap-northeast-2.compute.internal-ably-prod","seller-api","4054947","1158","33900","33900",,,,,,"vendor_seller_update_goods"
"2025-01-13T00:15:05.518Z","ip-172-31-122-139.ap-northeast-2.compute.internal-ably-prod","seller-api","5590734","1158","29900","29900",,,,,,"vendor_seller_update_goods"
"2025-01-13T00:15:01.517Z","ip-172-31-122-139.ap-northeast-2.compute.internal-ably-prod","seller-api","12940642","14557",,,,,,,,"update_seller_goods"
"2025-01-13T00:12:32.412Z","ip-172-31-122-139.ap-northeast-2.compute.internal-ably-prod","seller-api","6828814","1158","37900","37900",,,,,,"vendor_seller_update_goods"
"2025-01-13T00:12:30.096Z","ip-172-31-196-95.ap-northeast-2.compute.internal-ably-prod","seller-api","10045396","1158","27900","27900",,,,,,"vendor_seller_update_goods"
"2025-01-13T00:12:27.099Z","ip-172-31-113-223.ap-northeast-2.compute.internal-ably-prod","seller-api","5588002","14557",,,,,,,,"update_seller_goods"
"2025-01-13T00:12:26.443Z","ip-172-31-214-143.ap-northeast-2.compute.internal-ably-prod","seller-api","5692013","1158","31900","31900",,,,,,"vendor_seller_update_goods"
"2025-01-13T00:12:23.095Z","ip-172-31-196-95.ap-northeast-2.compute.internal-ably-prod","seller-api","9491383","1158","31900","31900",,,,,,"vendor_seller_update_goods"
"2025-01-13T00:12:20.882Z","ip-172-31-203-94.ap-northeast-2.compute.internal-ably-prod","seller-api","6971324","1158","33900","33900",,,,,,"vendor_seller_update_goods"
"2025-01-13T00:12:04.882Z","ip-172-31-194-249.ap-northeast-2.compute.internal-ably-prod","seller-api","5776194","1158","33900","33900",,,,,,"vendor_seller_update_goods"
"2025-01-13T00:09:18.747Z","ip-172-31-235-91.ap-northeast-2.compute.internal-ably-prod","seller-api","11328705","1158","35900","35900",,,,,,"vendor_seller_update_goods"
"2025-01-13T00:09:17.855Z","ip-172-31-194-249.ap-northeast-2.compute.internal-ably-prod","seller-api","12055251","1158","35900","35900",,,,,,"vendor_seller_update_goods"
"2025-01-13T00:09:11.281Z","ip-172-31-122-139.ap-northeast-2.compute.internal-ably-prod","seller-api","10690346","1158","33900","33900",,,,,,"vendor_seller_update_goods"
"2025-01-13T00:09:09.060Z","ip-172-31-196-95.ap-northeast-2.compute.internal-ably-prod","seller-api","13580154","1158","27900","27900",,,,,,"vendor_seller_update_goods"
"2025-01-13T00:09:07.745Z","ip-172-31-235-91.ap-northeast-2.compute.internal-ably-prod","seller-api","12287861","1158","40900","40900",,,,,,"vendor_seller_update_goods"
"2025-01-13T00:09:07.361Z","ip-172-31-199-120.ap-northeast-2.compute.internal-ably-prod","seller-api","20631018","1158","33900","33900",,,,,,"vendor_seller_update_goods"
"2025-01-13T00:09:03.853Z","ip-172-31-194-249.ap-northeast-2.compute.internal-ably-prod","seller-api","18868405","1158","15900","15900",,,,,,"vendor_seller_update_goods"
"2025-01-13T00:08:01.159Z","ip-172-31-231-61.ap-northeast-2.compute.internal-ably-prod","seller-api","3920567","14557",,,,,,,,"update_seller_goods"
"2025-01-13T00:07:43.298Z","ip-172-31-199-120.ap-northeast-2.compute.internal-ably-prod","seller-api","3771793","14557",,,,,,,,"update_seller_goods"
"2025-01-12T23:51:41.808Z","ip-172-31-213-81.ap-northeast-2.compute.internal-ably-prod","seller-api","3920567","14557",,,,,,,,"update_seller_goods"
"2025-01-12T23:51:04.099Z","ip-172-31-214-143.ap-northeast-2.compute.internal-ably-prod","seller-api","27273661","9172",,,,,,,,"update_seller_goods"
"2025-01-12T23:45:59.896Z","ip-172-31-214-143.ap-northeast-2.compute.internal-ably-prod","seller-api","2035558","14557",,,,,,,,"update_seller_goods"
"2025-01-12T23:45:25.123Z","ip-172-31-196-95.ap-northeast-2.compute.internal-ably-prod","seller-api","2035558","14557",,,,,,,,"update_seller_goods"
"2025-01-12T15:55:04.844Z","ip-172-31-237-37.ap-northeast-2.compute.internal-ably-prod","seller-api","2035558","14557",,,,,,,,"update_seller_goods"
"2025-01-12T15:53:15.350Z","ip-172-31-251-42.ap-northeast-2.compute.internal-ably-prod","seller-api","32364315","14557",,,,,,,,"update_seller_goods"
"2025-01-12T15:30:10.024Z","ip-172-31-237-37.ap-northeast-2.compute.internal-ably-prod","seller-api","2035558","14557",,,,,,,,"update_seller_goods"
"2025-01-12T15:13:57.082Z","ip-172-31-237-37.ap-northeast-2.compute.internal-ably-prod","seller-api","34568706","14557",,,,,,,,"update_seller_goods"
"2025-01-12T15:11:41.706Z","ip-172-31-215-96.ap-northeast-2.compute.internal-ably-prod","seller-api","26738441","14557",,,,,,,,"update_seller_goods"
"2025-01-12T15:11:08.766Z","ip-172-31-213-72.ap-northeast-2.compute.internal-ably-prod","seller-api","21477210","14557",,,,,,,,"update_seller_goods"
"2025-01-12T15:10:31.796Z","ip-172-31-211-136.ap-northeast-2.compute.internal-ably-prod","seller-api","5028988","14557",,,,,,,,"update_seller_goods"
"2025-01-12T15:09:22.677Z","ip-172-31-215-96.ap-northeast-2.compute.internal-ably-prod","seller-api","5028988","14557",,,,,,,,"update_seller_goods"
"2025-01-12T15:07:30.894Z","ip-172-31-237-37.ap-northeast-2.compute.internal-ably-prod","seller-api","7268624","14557",,,,,,,,"update_seller_goods"
"2025-01-12T15:04:42.557Z","ip-172-31-215-96.ap-northeast-2.compute.internal-ably-prod","seller-api","2035558","14557",,,,,,,,"update_seller_goods"
"2025-01-12T15:00:15.348Z","ip-172-31-248-71.ap-northeast-2.compute.internal-ably-prod","seller-api","5588002","14557",,,,,,,,"update_seller_goods"
"2025-01-12T15:00:08.163Z","ip-172-31-239-90.ap-northeast-2.compute.internal-ably-prod","seller-api","12940642","14557",,,,,,,,"update_seller_goods"
"2025-01-12T15:00:05.264Z","ip-172-31-237-37.ap-northeast-2.compute.internal-ably-prod","seller-api","3771793","14557",,,,,,,,"update_seller_goods"
"2025-01-12T14:57:30.056Z","ip-172-31-222-20.ap-northeast-2.compute.internal-ably-prod","seller-api","6877404","14557",,,,,,,,"update_seller_goods"
"2025-01-12T14:56:18.241Z","ip-172-31-239-90.ap-northeast-2.compute.internal-ably-prod","seller-api","3771793","14557",,,,,,,,"update_seller_goods"
"2025-01-12T14:55:29.900Z","ip-172-31-237-37.ap-northeast-2.compute.internal-ably-prod","seller-api","12940642","14557",,,,,,,,"update_seller_goods"
"2025-01-12T14:54:59.855Z","ip-172-31-237-37.ap-northeast-2.compute.internal-ably-prod","seller-api","5588002","14557",,,,,,,,"update_seller_goods"
"2025-01-12T14:42:36.889Z","ip-172-31-222-20.ap-northeast-2.compute.internal-ably-prod","seller-api","7108630","14557",,,,,,,,"update_seller_goods"
"2025-01-12T11:35:36.380Z","ip-172-31-239-172.ap-northeast-2.compute.internal-ably-prod","seller-api","4199876","11012","33000","33000",,,,,,"vendor_seller_update_goods"
"2025-01-12T10:58:27.136Z","ip-172-31-220-238.ap-northeast-2.compute.internal-ably-prod","seller-api","3460386","11012",,,,,,,,"update_seller_goods"
"2025-01-12T10:51:42.749Z","ip-172-31-213-72.ap-northeast-2.compute.internal-ably-prod","seller-api","36915028","11012","121000","121000",,,,,,"vendor_seller_update_goods"
"2025-01-12T10:50:10.735Z","ip-172-31-213-72.ap-northeast-2.compute.internal-ably-prod","seller-api","29842989","11012",,,,,,,,"update_seller_goods"
"2025-01-12T10:35:32.726Z","ip-172-31-224-173.ap-northeast-2.compute.internal-ably-prod","seller-api","29842989","11012","65000","65000",,,,,,"vendor_seller_update_goods"
